date,ticker,name,open,close,min,max,avg,quantity,volume,currency,marketType,bdiCode,prazoT,paperSpecification,optionPrice,priceCorrection,paperDueDate,quoteFactor
1970-01-01 00:00:00.020230102,ABEV3,AMBEVS/A,14.4,14.19,14.02,14.45,14.19,14995900,212856851.0,R$,10,2,   ,ON        ,0.0,0,99991231,1
1970-01-01 00:00:00.020230102,BBDC4,BRADESCO,14.9,14.75,14.66,14.99,14.74,24748300,365003760.0,R$,10,2,   ,PN      N1,0.0,0,99991231,1
1970-01-01 00:00:00.020230102,ITUB4,ITAUUNIBANCO,24.43,24.49,24.04,24.53,24.26,23340700,566420816.0,R$,10,2,   ,PN  EJ  N1,0.0,0,99991231,1
1970-01-01 00:00:00.020230102,PETR4,PETROBRAS,23.54,22.92,22.8,23.81,23.09,78424700,1811378585.0,R$,10,2,   ,PN      N2,0.0,0,99991231,1
1970-01-01 00:00:00.020230102,VALE3,VALE,88.68,89.4,88.53,89.9,89.42,12783800,1143137603.0,R$,10,2,   ,ON      NM,0.0,0,99991231,1
1970-01-01 00:00:00.020230103,PETR4,PETROBRAS,22.94,22.34,22.13,23.1,22.43,96750300,2170654516.0,R$,10,2,   ,PN      N2,0.0,0,99991231,1
1970-01-01 00:00:00.020230103,ITUB4,ITAUUNIBANCO,24.49,23.98,23.83,24.65,24.06,29873800,718986662.0,R$,10,2,   ,PN  EJ  N1,0.0,0,99991231,1
1970-01-01 00:00:00.020230103,ABEV3,AMBEVS/A,14.16,14.17,14.11,14.39,14.26,36363800,518560034.0,R$,10,2,   ,ON        ,0.0,0,99991231,1
1970-01-01 00:00:00.020230103,BBDC4,BRADESCO,14.76,14.0,13.95,14.78,14.27,127764400,1823802890.0,R$,10,2,   ,PN  EJ  N1,0.0,0,99991231,1
1970-01-01 00:00:00.020230103,VALE3,VALE,89.4,89.24,88.89,90.09,89.41,25332600,2265047908.0,R$,10,2,   ,ON      NM,0.0,0,99991231,1
1970-01-01 00:00:00.020230104,ABEV3,AMBEVS/A,14.28,14.25,14.08,14.47,14.3,23791800,340356296.0,R$,10,2,   ,ON        ,0.0,0,99991231,1
1970-01-01 00:00:00.020230104,PETR4,PETROBRAS,21.96,23.05,21.83,23.6,22.89,129504000,2964416659.0,R$,10,2,   ,PN      N2,0.0,0,99991231,1
1970-01-01 00:00:00.020230104,VALE3,VALE,89.3,89.4,87.94,89.65,88.88,26395300,2346038611.0,R$,10,2,   ,ON      NM,0.0,0,99991231,1
1970-01-01 00:00:00.020230104,BBDC4,BRADESCO,14.15,14.04,13.66,14.23,13.92,153235200,2133879610.0,R$,10,2,   ,PN  EJ  N1,0.0,0,99991231,1
1970-01-01 00:00:00.020230104,ITUB4,ITAUUNIBANCO,24.06,24.05,23.88,24.52,24.07,29881500,719284846.0,R$,10,2,   ,PN  EJ  N1,0.0,0,99991231,1
1970-01-01 00:00:00.020230105,PETR4,PETROBRAS,23.34,23.88,23.15,24.04,23.67,73886000,1748887039.0,R$,10,2,   ,PN      N2,0.0,0,99991231,1
1970-01-01 00:00:00.020230105,ABEV3,AMBEVS/A,14.27,14.29,14.14,14.41,14.26,31031500,442535690.0,R$,10,2,   ,ON        ,0.0,0,99991231,1
1970-01-01 00:00:00.020230105,VALE3,VALE,89.46,90.9,89.0,91.68,90.61,29085600,2635650196.0,R$,10,2,   ,ON      NM,0.0,0,99991231,1
1970-01-01 00:00:00.020230105,BBDC4,BRADESCO,14.11,14.65,14.07,14.71,14.36,164949200,2370231637.0,R$,10,2,   ,PN  EJ  N1,0.0,0,99991231,1
1970-01-01 00:00:00.020230105,ITUB4,ITAUUNIBANCO,24.1,24.8,24.02,24.91,24.63,36322800,894775397.0,R$,10,2,   ,PN  EJ  N1,0.0,0,99991231,1
1970-01-01 00:00:00.020230106,ABEV3,AMBEVS/A,14.3,14.32,14.16,14.36,14.27,20889800,298298670.0,R$,10,2,   ,ON        ,0.0,0,99991231,1
1970-01-01 00:00:00.020230106,BBDC4,BRADESCO,14.66,15.06,14.5,15.08,14.81,86788300,1285692095.0,R$,10,2,   ,PN  EJ  N1,0.0,0,99991231,1
1970-01-01 00:00:00.020230106,PETR4,PETROBRAS,23.94,23.74,23.55,24.32,23.84,51851500,1236647287.0,R$,10,2,   ,PN      N2,0.0,0,99991231,1
1970-01-01 00:00:00.020230106,ITUB4,ITAUUNIBANCO,24.93,25.23,24.8,25.31,25.05,37628200,942922633.0,R$,10,2,   ,PN  EJ  N1,0.0,0,99991231,1
1970-01-01 00:00:00.020230106,VALE3,VALE,91.0,92.34,91.0,92.74,92.13,31420600,2894857755.0,R$,10,2,   ,ON      NM,0.0,0,99991231,1
1970-01-01 00:00:00.020230109,ABEV3,AMBEVS/A,14.29,14.4,14.27,14.47,14.39,24448600,351950519.0,R$,10,2,   ,ON        ,0.0,0,99991231,1
1970-01-01 00:00:00.020230109,VALE3,VALE,91.53,92.44,91.25,92.99,92.43,19285800,1782778255.0,R$,10,2,   ,ON      NM,0.0,0,99991231,1
1970-01-01 00:00:00.020230109,PETR4,PETROBRAS,23.5,23.87,23.25,24.0,23.77,46385200,1102685057.0,R$,10,2,   ,PN      N2,0.0,0,99991231,1
1970-01-01 00:00:00.020230109,BBDC4,BRADESCO,14.31,14.56,14.21,14.74,14.53,73674800,1070745277.0,R$,10,2,   ,PN  EJ  N1,0.0,0,99991231,1
1970-01-01 00:00:00.020230109,ITUB4,ITAUUNIBANCO,25.0,25.41,24.89,25.66,25.35,25669400,650885926.0,R$,10,2,   ,PN  EJ  N1,0.0,0,99991231,1
1970-01-01 00:00:00.020230110,VALE3,VALE,92.49,93.58,92.34,93.9,93.43,19821100,1851953717.0,R$,10,2,   ,ON      NM,0.0,0,99991231,1
1970-01-01 00:00:00.020230110,ITUB4,ITAUUNIBANCO,25.13,25.9,24.92,26.0,25.75,31389400,808291856.0,R$,10,2,   ,PN  EJ  N1,0.0,0,99991231,1
1970-01-01 00:00:00.020230110,PETR4,PETROBRAS,23.95,24.09,23.37,24.11,23.79,52741100,1254871900.0,R$,10,2,   ,PN      N2,0.0,0,99991231,1
1970-01-01 00:00:00.020230110,ABEV3,AMBEVS/A,14.26,14.54,14.25,14.6,14.43,35535000,513070828.0,R$,10,2,   ,ON        ,0.0,0,99991231,1
1970-01-01 00:00:00.020230110,BBDC4,BRADESCO,14.51,15.1,14.42,15.2,15.0,118245200,1774813476.0,R$,10,2,   ,PN  EJ  N1,0.0,0,99991231,1
1970-01-01 00:00:00.020230111,PETR4,PETROBRAS,24.15,24.28,24.05,24.62,24.3,53536500,1301372166.0,R$,10,2,   ,PN      N2,0.0,0,99991231,1
1970-01-01 00:00:00.020230111,ABEV3,AMBEVS/A,14.51,14.29,13.95,14.79,14.19,74419600,1056451305.0,R$,10,2,   ,ON        ,0.0,0,99991231,1
1970-01-01 00:00:00.020230111,VALE3,VALE,93.99,93.25,92.26,94.48,93.25,23834100,2222630420.0,R$,10,2,   ,ON      NM,0.0,0,99991231,1
1970-01-01 00:00:00.020230111,ITUB4,ITAUUNIBANCO,25.88,26.35,25.76,26.48,26.19,34195600,895859463.0,R$,10,2,   ,PN  EJ  N1,0.0,0,99991231,1
1970-01-01 00:00:00.020230111,BBDC4,BRADESCO,15.0,15.4,14.96,15.43,15.25,88295000,1346692244.0,R$,10,2,   ,PN  EJ  N1,0.0,0,99991231,1
1970-01-01 00:00:00.020230112,BBDC4,BRADESCO,15.31,15.04,14.9,15.35,15.09,97774200,1476090740.0,R$,10,2,   ,PN  EJ  N1,0.0,0,99991231,1
1970-01-01 00:00:00.020230112,ABEV3,AMBEVS/A,13.8,14.1,13.66,14.17,13.97,69959500,977814406.0,R$,10,2,   ,ON        ,0.0,0,99991231,1
1970-01-01 00:00:00.020230112,VALE3,VALE,93.48,93.74,92.94,94.3,93.7,18058600,1692242791.0,R$,10,2,   ,ON      NM,0.0,0,99991231,1
1970-01-01 00:00:00.020230112,PETR4,PETROBRAS,24.29,24.63,24.11,24.65,24.44,58130000,1421123989.0,R$,10,2,   ,PN      N2,0.0,0,99991231,1
1970-01-01 00:00:00.020230112,ITUB4,ITAUUNIBANCO,25.5,25.98,25.4,26.31,25.97,51025400,1325174990.0,R$,10,2,   ,PN      N1,0.0,0,99991231,1
1970-01-01 00:00:00.020230113,ABEV3,AMBEVS/A,14.0,13.88,13.77,14.05,13.89,44291300,615547789.0,R$,10,2,   ,ON        ,0.0,0,99991231,1
1970-01-01 00:00:00.020230113,PETR4,PETROBRAS,24.44,24.57,24.25,24.66,24.47,40002700,978930247.0,R$,10,2,   ,PN      N2,0.0,0,99991231,1
1970-01-01 00:00:00.020230113,BBDC4,BRADESCO,14.97,14.99,14.69,15.05,14.9,35872400,534668741.0,R$,10,2,   ,PN  EJ  N1,0.0,0,99991231,1
1970-01-01 00:00:00.020230113,VALE3,VALE,93.69,93.82,93.36,94.28,93.84,16905800,1586533419.0,R$,10,2,   ,ON      NM,0.0,0,99991231,1
1970-01-01 00:00:00.020230113,ITUB4,ITAUUNIBANCO,25.61,25.85,25.14,25.89,25.68,20763800,533384857.0,R$,10,2,   ,PN      N1,0.0,0,99991231,1
1970-01-01 00:00:00.020230116,BBDC4,BRADESCO,14.71,14.53,14.44,14.8,14.58,44231400,645061030.0,R$,10,2,   ,PN  EJ  N1,0.0,0,99991231,1
1970-01-01 00:00:00.020230116,PETR4,PETROBRAS,24.41,24.04,23.83,24.5,24.08,31973700,770044022.0,R$,10,2,   ,PN      N2,0.0,0,99991231,1
1970-01-01 00:00:00.020230116,VALE3,VALE,92.0,92.25,90.83,92.39,91.75,19563900,1795008814.0,R$,10,2,   ,ON      NM,0.0,0,99991231,1
1970-01-01 00:00:00.020230116,ITUB4,ITAUUNIBANCO,25.75,25.57,25.29,25.85,25.48,24481400,624012291.0,R$,10,2,   ,PN      N1,0.0,0,99991231,1
1970-01-01 00:00:00.020230116,ABEV3,AMBEVS/A,13.72,13.2,13.18,13.74,13.36,58837000,786323445.0,R$,10,2,   ,ON        ,0.0,0,99991231,1
1970-01-01 00:00:00.020230117,PETR4,PETROBRAS,24.11,25.52,24.11,25.62,25.03,91797500,2298146813.0,R$,10,2,   ,PN      N2,0.0,0,99991231,1
1970-01-01 00:00:00.020230117,VALE3,VALE,92.51,92.13,91.83,93.24,92.39,18719500,1729675088.0,R$,10,2,   ,ON      NM,0.0,0,99991231,1
1970-01-01 00:00:00.020230117,ITUB4,ITAUUNIBANCO,25.66,26.1,25.49,26.15,25.92,32299700,837364945.0,R$,10,2,   ,PN      N1,0.0,0,99991231,1
1970-01-01 00:00:00.020230117,BBDC4,BRADESCO,14.54,14.63,14.46,14.84,14.62,36676900,536466844.0,R$,10,2,   ,PN  EJ  N1,0.0,0,99991231,1
1970-01-01 00:00:00.020230117,ABEV3,AMBEVS/A,13.3,13.86,13.2,13.95,13.77,68143400,938793178.0,R$,10,2,   ,ON        ,0.0,0,99991231,1
1970-01-01 00:00:00.020230118,ITUB4,ITAUUNIBANCO,26.37,26.57,26.2,26.64,26.47,39724600,1051789150.0,R$,10,2,   ,PN      N1,0.0,0,99991231,1
1970-01-01 00:00:00.020230118,BBDC4,BRADESCO,14.8,14.85,14.69,14.97,14.86,46015200,683944222.0,R$,10,2,   ,PN  EJ  N1,0.0,0,99991231,1
1970-01-01 00:00:00.020230118,ABEV3,AMBEVS/A,13.93,13.78,13.73,14.06,13.87,32154400,446086014.0,R$,10,2,   ,ON        ,0.0,0,99991231,1
1970-01-01 00:00:00.020230118,PETR4,PETROBRAS,25.84,25.07,25.0,26.03,25.49,69692900,1776941608.0,R$,10,2,   ,PN      N2,0.0,0,99991231,1
1970-01-01 00:00:00.020230118,VALE3,VALE,93.06,93.34,92.91,94.24,93.56,16737300,1566014351.0,R$,10,2,   ,ON      NM,0.0,0,99991231,1
1970-01-01 00:00:00.020230119,PETR4,PETROBRAS,25.0,25.83,24.79,25.95,25.55,75553300,1931117754.0,R$,10,2,   ,PN      N2,0.0,0,99991231,1
1970-01-01 00:00:00.020230119,VALE3,VALE,93.8,93.74,93.32,94.37,93.93,21712500,2039627235.0,R$,10,2,   ,ON      NM,0.0,0,99991231,1
1970-01-01 00:00:00.020230119,BBDC4,BRADESCO,14.7,14.88,14.63,14.91,14.77,77758400,1148705037.0,R$,10,2,   ,PN      N1,0.0,0,99991231,1
1970-01-01 00:00:00.020230119,ITUB4,ITAUUNIBANCO,26.23,26.57,26.04,26.66,26.33,35493000,934827445.0,R$,10,2,   ,PN      N1,0.0,0,99991231,1
1970-01-01 00:00:00.020230119,ABEV3,AMBEVS/A,13.67,13.64,13.55,13.85,13.66,51799200,707954153.0,R$,10,2,   ,ON        ,0.0,0,99991231,1
1970-01-01 00:00:00.020230120,ABEV3,AMBEVS/A,13.55,13.53,13.37,13.64,13.51,33626000,454545035.0,R$,10,2,   ,ON        ,0.0,0,99991231,1
1970-01-01 00:00:00.020230120,ITUB4,ITAUUNIBANCO,26.66,26.1,26.03,26.68,26.16,33539000,877693597.0,R$,10,2,   ,PN      N1,0.0,0,99991231,1
1970-01-01 00:00:00.020230120,BBDC4,BRADESCO,14.85,14.67,14.65,14.96,14.72,39537400,582200911.0,R$,10,2,   ,PN      N1,0.0,0,99991231,1
1970-01-01 00:00:00.020230120,VALE3,VALE,93.9,93.99,93.5,94.57,94.19,27103900,2553158720.0,R$,10,2,   ,ON      NM,0.0,0,99991231,1
1970-01-01 00:00:00.020230120,PETR4,PETROBRAS,25.89,26.37,25.42,26.6,26.02,114219500,2972233569.0,R$,10,2,   ,PN      N2,0.0,0,99991231,1
1970-01-01 00:00:00.020230123,VALE3,VALE,94.35,94.3,93.7,94.7,94.2,13534300,1274937110.0,R$,10,2,   ,ON      NM,0.0,0,99991231,1
1970-01-01 00:00:00.020230123,ITUB4,ITAUUNIBANCO,26.04,25.3,25.2,26.17,25.55,45898100,1173041302.0,R$,10,2,   ,PN      N1,0.0,0,99991231,1
1970-01-01 00:00:00.020230123,BBDC4,BRADESCO,14.7,14.05,14.0,14.7,14.23,72241700,1028045105.0,R$,10,2,   ,PN      N1,0.0,0,99991231,1
1970-01-01 00:00:00.020230123,ABEV3,AMBEVS/A,13.56,13.42,13.36,13.68,13.45,29938500,402821879.0,R$,10,2,   ,ON        ,0.0,0,99991231,1
1970-01-01 00:00:00.020230123,PETR4,PETROBRAS,26.27,26.79,26.13,27.6,27.07,87678100,2374021553.0,R$,10,2,   ,PN      N2,0.0,0,99991231,1
1970-01-01 00:00:00.020230124,ITUB4,ITAUUNIBANCO,25.49,25.53,25.34,26.03,25.55,30342700,775434483.0,R$,10,2,   ,PN      N1,0.0,0,99991231,1
1970-01-01 00:00:00.020230124,VALE3,VALE,94.31,95.3,93.2,95.3,94.46,17439800,1647493286.0,R$,10,2,   ,ON      NM,0.0,0,99991231,1
1970-01-01 00:00:00.020230124,ABEV3,AMBEVS/A,13.42,13.61,13.34,13.61,13.5,17822600,240615368.0,R$,10,2,   ,ON        ,0.0,0,99991231,1
1970-01-01 00:00:00.020230124,BBDC4,BRADESCO,14.16,14.2,14.09,14.29,14.19,32256100,457766881.0,R$,10,2,   ,PN      N1,0.0,0,99991231,1
1970-01-01 00:00:00.020230124,PETR4,PETROBRAS,27.47,26.6,26.37,27.53,26.79,65794000,1762789702.0,R$,10,2,   ,PN      N2,0.0,0,99991231,1
1970-01-01 00:00:00.020230125,ITUB4,ITAUUNIBANCO,25.53,25.62,25.02,25.75,25.46,38490200,980328425.0,R$,10,2,   ,PN      N1,0.0,0,99991231,1
1970-01-01 00:00:00.020230125,PETR4,PETROBRAS,26.55,26.94,26.01,27.08,26.62,51832900,1379936536.0,R$,10,2,   ,PN      N2,0.0,0,99991231,1
1970-01-01 00:00:00.020230125,ABEV3,AMBEVS/A,13.55,13.71,13.47,13.74,13.63,22021000,300338311.0,R$,10,2,   ,ON        ,0.0,0,99991231,1
1970-01-01 00:00:00.020230125,BBDC4,BRADESCO,14.2,14.1,13.92,14.31,14.11,44253900,624484118.0,R$,10,2,   ,PN      N1,0.0,0,99991231,1
1970-01-01 00:00:00.020230125,VALE3,VALE,95.2,96.2,94.77,96.4,95.57,18282900,1747376475.0,R$,10,2,   ,ON      NM,0.0,0,99991231,1
1970-01-01 00:00:00.020230126,ITUB4,ITAUUNIBANCO,25.65,25.47,25.24,25.74,25.44,29887200,760620305.0,R$,10,2,   ,PN      N1,0.0,0,99991231,1
1970-01-01 00:00:00.020230126,VALE3,VALE,96.5,98.0,96.39,98.0,97.41,26876000,2618100849.0,R$,10,2,   ,ON      NM,0.0,0,99991231,1
1970-01-01 00:00:00.020230126,ABEV3,AMBEVS/A,13.7,13.74,13.53,13.85,13.69,22793400,312228258.0,R$,10,2,   ,ON        ,0.0,0,99991231,1
1970-01-01 00:00:00.020230126,BBDC4,BRADESCO,14.1,14.14,13.97,14.24,14.13,36574500,516831524.0,R$,10,2,   ,PN      N1,0.0,0,99991231,1
1970-01-01 00:00:00.020230126,PETR4,PETROBRAS,27.09,26.2,25.8,27.2,26.3,73344800,1929306254.0,R$,10,2,   ,PN      N2,0.0,0,99991231,1
1970-01-01 00:00:00.020230127,ABEV3,AMBEVS/A,13.75,13.65,13.59,13.75,13.65,23904300,326426881.0,R$,10,2,   ,ON        ,0.0,0,99991231,1
1970-01-01 00:00:00.020230127,PETR4,PETROBRAS,26.18,25.62,25.44,26.23,25.72,47681900,1226536934.0,R$,10,2,   ,PN      N2,0.0,0,99991231,1
1970-01-01 00:00:00.020230127,VALE3,VALE,97.85,95.32,94.83,98.29,95.78,34682400,3322096988.0,R$,10,2,   ,ON      NM,0.0,0,99991231,1
1970-01-01 00:00:00.020230127,BBDC4,BRADESCO,14.1,13.72,13.65,14.16,13.79,56910500,785173093.0,R$,10,2,   ,PN      N1,0.0,0,99991231,1
1970-01-01 00:00:00.020230127,ITUB4,ITAUUNIBANCO,25.41,24.93,24.82,25.46,25.0,30331300,758286436.0,R$,10,2,   ,PN      N1,0.0,0,99991231,1
1970-01-01 00:00:00.020230130,PETR4,PETROBRAS,25.85,25.75,25.51,26.07,25.73,40683200,1046885235.0,R$,10,2,   ,PN      N2,0.0,0,99991231,1
1970-01-01 00:00:00.020230130,ITUB4,ITAUUNIBANCO,24.99,24.94,24.53,25.06,24.73,35228000,871508649.0,R$,10,2,   ,PN      N1,0.0,0,99991231,1
1970-01-01 00:00:00.020230130,VALE3,VALE,95.9,94.98,94.19,96.3,94.99,23820000,2262857049.0,R$,10,2,   ,ON      NM,0.0,0,99991231,1
1970-01-01 00:00:00.020230130,BBDC4,BRADESCO,13.62,13.79,13.49,13.79,13.68,58048100,794452125.0,R$,10,2,   ,PN      N1,0.0,0,99991231,1
1970-01-01 00:00:00.020230130,ABEV3,AMBEVS/A,13.69,13.53,13.44,13.7,13.54,32850700,444908811.0,R$,10,2,   ,ON        ,0.0,0,99991231,1
1970-01-01 00:00:00.020230131,PETR4,PETROBRAS,25.63,26.07,25.52,26.21,25.91,54048900,1400646729.0,R$,10,2,   ,PN      N2,0.0,0,99991231,1
1970-01-01 00:00:00.020230131,VALE3,VALE,94.31,94.51,93.85,94.88,94.53,20658600,1952926454.0,R$,10,2,   ,ON      NM,0.0,0,99991231,1
1970-01-01 00:00:00.020230131,ITUB4,ITAUUNIBANCO,25.11,25.33,25.09,25.59,25.41,29062700,738595584.0,R$,10,2,   ,PN      N1,0.0,0,99991231,1
1970-01-01 00:00:00.020230131,ABEV3,AMBEVS/A,13.62,13.66,13.5,13.74,13.62,35608800,485072942.0,R$,10,2,   ,ON        ,0.0,0,99991231,1
1970-01-01 00:00:00.020230131,BBDC4,BRADESCO,13.86,14.02,13.82,14.13,14.03,39064700,548295923.0,R$,10,2,   ,PN      N1,0.0,0,99991231,1
1970-01-01 00:00:00.020230201,ABEV3,AMBEVS/A,13.64,13.18,12.85,13.73,13.14,136662100,1796020535.0,R$,10,2,   ,ON        ,0.0,0,99991231,1
1970-01-01 00:00:00.020230201,PETR4,PETROBRAS,26.07,25.71,25.45,26.48,25.89,56349200,1459080103.0,R$,10,2,   ,PN      N2,0.0,0,99991231,1
1970-01-01 00:00:00.020230201,BBDC4,BRADESCO,14.02,13.75,13.66,14.05,13.78,37948600,523132843.0,R$,10,2,   ,PN      N1,0.0,0,99991231,1
1970-01-01 00:00:00.020230201,VALE3,VALE,95.2,93.46,91.59,95.2,92.55,28818100,2667175644.0,R$,10,2,   ,ON      NM,0.0,0,99991231,1
1970-01-01 00:00:00.020230201,ITUB4,ITAUUNIBANCO,25.19,24.98,24.78,25.5,25.01,28111400,703310793.0,R$,10,2,   ,PN  EJ  N1,0.0,0,99991231,1
1970-01-01 00:00:00.020230202,ABEV3,AMBEVS/A,13.06,13.11,13.0,13.53,13.2,49730600,656681425.0,R$,10,2,   ,ON        ,0.0,0,99991231,1
1970-01-01 00:00:00.020230202,ITUB4,ITAUUNIBANCO,24.8,25.21,24.7,25.97,25.32,46319700,1173007817.0,R$,10,2,   ,PN  EJ  N1,0.0,0,99991231,1
1970-01-01 00:00:00.020230202,PETR4,PETROBRAS,25.51,24.52,24.42,25.81,24.99,83823000,2094980971.0,R$,10,2,   ,PN      N2,0.0,0,99991231,1
1970-01-01 00:00:00.020230202,VALE3,VALE,91.69,89.14,88.86,91.96,89.97,37844400,3404878924.0,R$,10,2,   ,ON      NM,0.0,0,99991231,1
1970-01-01 00:00:00.020230202,BBDC4,BRADESCO,13.63,13.94,13.61,14.16,13.93,77873500,1085507435.0,R$,10,2,   ,PN  EJ  N1,0.0,0,99991231,1
1970-01-01 00:00:00.020230203,ABEV3,AMBEVS/A,13.07,12.98,12.91,13.22,13.02,40568400,528363352.0,R$,10,2,   ,ON        ,0.0,0,99991231,1
1970-01-01 00:00:00.020230203,VALE3,VALE,89.76,88.95,88.69,90.77,89.59,22545600,2020000653.0,R$,10,2,   ,ON      NM,0.0,0,99991231,1
1970-01-01 00:00:00.020230203,PETR4,PETROBRAS,24.54,24.79,24.42,25.38,24.92,71170700,1773597709.0,R$,10,2,   ,PN      N2,0.0,0,99991231,1
1970-01-01 00:00:00.020230203,BBDC4,BRADESCO,13.85,13.63,13.57,14.05,13.76,39818600,547904769.0,R$,10,2,   ,PN  EJ  N1,0.0,0,99991231,1
1970-01-01 00:00:00.020230203,ITUB4,ITAUUNIBANCO,24.9,25.12,24.83,25.36,25.15,36659600,922066422.0,R$,10,2,   ,PN  EJ  N1,0.0,0,99991231,1
1970-01-01 00:00:00.020230206,ABEV3,AMBEVS/A,13.04,13.02,12.95,13.2,13.05,25649000,334739739.0,R$,10,2,   ,ON        ,0.0,0,99991231,1
1970-01-01 00:00:00.020230206,BBDC4,BRADESCO,13.63,13.58,13.41,13.68,13.53,27231000,368570753.0,R$,10,2,   ,PN  EJ  N1,0.0,0,99991231,1
1970-01-01 00:00:00.020230206,VALE3,VALE,88.2,87.84,86.66,88.25,87.44,17888700,1564268418.0,R$,10,2,   ,ON      NM,0.0,0,99991231,1
1970-01-01 00:00:00.020230206,ITUB4,ITAUUNIBANCO,25.24,25.13,24.72,25.24,24.97,28120300,702365531.0,R$,10,2,   ,PN  EJ  N1,0.0,0,99991231,1
1970-01-01 00:00:00.020230206,PETR4,PETROBRAS,24.87,25.78,24.75,25.87,25.38,82794500,2101484086.0,R$,10,2,   ,PN      N2,0.0,0,99991231,1
1970-01-01 00:00:00.020230207,VALE3,VALE,87.59,88.42,86.99,88.68,88.11,16259700,1432763767.0,R$,10,2,   ,ON      NM,0.0,0,99991231,1
1970-01-01 00:00:00.020230207,ITUB4,ITAUUNIBANCO,25.2,24.55,24.26,25.28,24.58,30492100,749628921.0,R$,10,2,   ,PN  EJ  N1,0.0,0,99991231,1
1970-01-01 00:00:00.020230207,ABEV3,AMBEVS/A,13.02,12.96,12.89,13.08,12.97,22344400,289870459.0,R$,10,2,   ,ON        ,0.0,0,99991231,1
1970-01-01 00:00:00.020230207,BBDC4,BRADESCO,13.65,13.5,13.38,13.66,13.49,32094700,433276566.0,R$,10,2,   ,PN  EJ  N1,0.0,0,99991231,1
1970-01-01 00:00:00.020230207,PETR4,PETROBRAS,25.91,25.62,25.46,26.14,25.75,55311800,1424289543.0,R$,10,2,   ,PN      N2,0.0,0,99991231,1
1970-01-01 00:00:00.020230208,ABEV3,AMBEVS/A,13.04,13.19,12.93,13.24,13.13,24324300,319620856.0,R$,10,2,   ,ON        ,0.0,0,99991231,1
1970-01-01 00:00:00.020230208,VALE3,VALE,89.1,88.72,87.6,89.37,88.49,14411000,1275318530.0,R$,10,2,   ,ON      NM,0.0,0,99991231,1
1970-01-01 00:00:00.020230208,ITUB4,ITAUUNIBANCO,25.45,26.58,25.32,26.61,26.04,106221600,2766217521.0,R$,10,2,   ,PN  EJ  N1,0.0,0,99991231,1
1970-01-01 00:00:00.020230208,BBDC4,BRADESCO,13.64,14.16,13.51,14.19,13.99,81945200,1146542935.0,R$,10,2,   ,PN  EJ  N1,0.0,0,99991231,1
1970-01-01 00:00:00.020230208,PETR4,PETROBRAS,25.8,26.05,25.56,26.15,25.85,48713100,1259356320.0,R$,10,2,   ,PN      N2,0.0,0,99991231,1
1970-01-01 00:00:00.020230209,BBDC4,BRADESCO,14.2,13.8,13.79,14.43,13.93,58306600,812454334.0,R$,10,2,   ,PN  EJ  N1,0.0,0,99991231,1
1970-01-01 00:00:00.020230209,ITUB4,ITAUUNIBANCO,26.65,25.92,25.79,26.87,26.06,36060500,939841774.0,R$,10,2,   ,PN  EJ  N1,0.0,0,99991231,1
1970-01-01 00:00:00.020230209,ABEV3,AMBEVS/A,13.15,13.02,12.95,13.23,13.02,17206200,224143274.0,R$,10,2,   ,ON        ,0.0,0,99991231,1
1970-01-01 00:00:00.020230209,VALE3,VALE,88.72,88.39,87.47,89.55,88.53,19782200,1751325342.0,R$,10,2,   ,ON      NM,0.0,0,99991231,1
1970-01-01 00:00:00.020230209,PETR4,PETROBRAS,26.05,25.93,25.79,26.32,26.05,38198300,995071465.0,R$,10,2,   ,PN      N2,0.0,0,99991231,1
1970-01-01 00:00:00.020230210,VALE3,VALE,88.18,86.8,86.36,88.95,87.1,18099100,1576512030.0,R$,10,2,   ,ON      NM,0.0,0,99991231,1
1970-01-01 00:00:00.020230210,BBDC4,BRADESCO,12.7,12.67,12.6,13.13,12.8,237891100,3045811809.0,R$,10,2,   ,PN  EJ  N1,0.0,0,99991231,1
1970-01-01 00:00:00.020230210,ITUB4,ITAUUNIBANCO,25.72,25.8,25.51,25.98,25.72,52164200,1342017488.0,R$,10,2,   ,PN  EJ  N1,0.0,0,99991231,1
1970-01-01 00:00:00.020230210,PETR4,PETROBRAS,25.98,26.72,25.93,26.79,26.49,54683100,1449099743.0,R$,10,2,   ,PN      N2,0.0,0,99991231,1
1970-01-01 00:00:00.020230210,ABEV3,AMBEVS/A,12.98,12.86,12.6,12.99,12.8,49142000,629147946.0,R$,10,2,   ,ON        ,0.0,0,99991231,1
1970-01-01 00:00:00.020230213,BBDC4,BRADESCO,12.7,13.12,12.63,13.19,13.01,87016300,1132560312.0,R$,10,2,   ,PN  EJ  N1,0.0,0,99991231,1
1970-01-01 00:00:00.020230213,ITUB4,ITAUUNIBANCO,25.78,26.71,25.78,26.83,26.61,43834000,1166640016.0,R$,10,2,   ,PN      N1,0.0,0,99991231,1
1970-01-01 00:00:00.020230213,VALE3,VALE,85.92,86.71,85.3,87.11,86.39,13798500,1192130006.0,R$,10,2,   ,ON      NM,0.0,0,99991231,1
1970-01-01 00:00:00.020230213,ABEV3,AMBEVS/A,12.86,13.13,12.85,13.17,13.08,16722700,218764483.0,R$,10,2,   ,ON        ,0.0,0,99991231,1
1970-01-01 00:00:00.020230213,PETR4,PETROBRAS,26.69,26.8,26.37,26.89,26.67,36726900,979796100.0,R$,10,2,   ,PN      N2,0.0,0,99991231,1
1970-01-01 00:00:00.020230214,PETR4,PETROBRAS,26.85,26.7,26.6,27.06,26.75,35839000,959047958.0,R$,10,2,   ,PN      N2,0.0,0,99991231,1
1970-01-01 00:00:00.020230214,VALE3,VALE,87.0,87.1,86.53,87.72,87.17,20072400,1749715831.0,R$,10,2,   ,ON      NM,0.0,0,99991231,1
1970-01-01 00:00:00.020230214,ABEV3,AMBEVS/A,13.15,13.0,12.99,13.36,13.11,29701200,389518247.0,R$,10,2,   ,ON        ,0.0,0,99991231,1
1970-01-01 00:00:00.020230214,ITUB4,ITAUUNIBANCO,26.75,26.38,26.31,26.88,26.54,34987600,928579444.0,R$,10,2,   ,PN      N1,0.0,0,99991231,1
1970-01-01 00:00:00.020230214,BBDC4,BRADESCO,13.13,13.24,13.04,13.35,13.2,56512300,746205628.0,R$,10,2,   ,PN      N1,0.0,0,99991231,1
1970-01-01 00:00:00.020230215,PETR4,PETROBRAS,26.58,26.74,26.3,26.8,26.57,72554100,1928390264.0,R$,10,2,   ,PN      N2,0.0,0,99991231,1
1970-01-01 00:00:00.020230215,ITUB4,ITAUUNIBANCO,26.28,26.77,26.12,27.07,26.79,36885900,988447556.0,R$,10,2,   ,PN      N1,0.0,0,99991231,1
1970-01-01 00:00:00.020230215,BBDC4,BRADESCO,13.23,13.76,13.16,13.85,13.66,85427900,1167013108.0,R$,10,2,   ,PN      N1,0.0,0,99991231,1
1970-01-01 00:00:00.020230215,VALE3,VALE,87.1,89.0,86.56,89.24,88.24,28465800,2512077163.0,R$,10,2,   ,ON      NM,0.0,0,99991231,1
1970-01-01 00:00:00.020230215,ABEV3,AMBEVS/A,12.99,13.23,12.93,13.37,13.21,35211800,465417203.0,R$,10,2,   ,ON        ,0.0,0,99991231,1
1970-01-01 00:00:00.020230216,PETR4,PETROBRAS,26.6,26.85,26.49,26.95,26.77,44115700,1181417100.0,R$,10,2,   ,PN      N2,0.0,0,99991231,1
1970-01-01 00:00:00.020230216,BBDC4,BRADESCO,13.62,14.02,13.53,14.09,13.88,69398600,963786267.0,R$,10,2,   ,PN      N1,0.0,0,99991231,1
1970-01-01 00:00:00.020230216,ABEV3,AMBEVS/A,13.25,13.08,12.96,13.3,13.05,34528900,450751555.0,R$,10,2,   ,ON        ,0.0,0,99991231,1
1970-01-01 00:00:00.020230216,VALE3,VALE,89.29,89.19,88.9,90.26,89.57,28740800,2574569696.0,R$,10,2,   ,ON      NM,0.0,0,99991231,1
1970-01-01 00:00:00.020230216,ITUB4,ITAUUNIBANCO,26.59,26.97,26.42,27.09,26.88,30619700,823103932.0,R$,10,2,   ,PN      N1,0.0,0,99991231,1
1970-01-01 00:00:00.020230217,BBDC4,BRADESCO,13.99,13.94,13.76,14.07,13.94,38594300,538038977.0,R$,10,2,   ,PN      N1,0.0,0,99991231,1
1970-01-01 00:00:00.020230217,ABEV3,AMBEVS/A,13.04,13.2,13.01,13.25,13.19,13404000,176850283.0,R$,10,2,   ,ON        ,0.0,0,99991231,1
1970-01-01 00:00:00.020230217,ITUB4,ITAUUNIBANCO,26.96,26.88,26.7,27.15,26.94,18823200,507129625.0,R$,10,2,   ,PN      N1,0.0,0,99991231,1
1970-01-01 00:00:00.020230217,PETR4,PETROBRAS,26.67,26.44,26.37,26.67,26.52,61085700,1620036382.0,R$,10,2,   ,PN      N2,0.0,0,99991231,1
1970-01-01 00:00:00.020230217,VALE3,VALE,89.6,88.03,87.54,89.75,88.58,26381400,2336897991.0,R$,10,2,   ,ON      NM,0.0,0,99991231,1
1970-01-01 00:00:00.020230222,ITUB4,ITAUUNIBANCO,26.3,26.38,26.26,26.51,26.36,18353500,483870467.0,R$,10,2,   ,PN      N1,0.0,0,99991231,1
1970-01-01 00:00:00.020230222,PETR4,PETROBRAS,26.0,25.76,25.69,26.11,25.88,38608500,999503130.0,R$,10,2,   ,PN      N2,0.0,0,99991231,1
1970-01-01 00:00:00.020230222,ABEV3,AMBEVS/A,13.05,13.21,13.05,13.31,13.19,29184000,384987375.0,R$,10,2,   ,ON        ,0.0,0,99991231,1
1970-01-01 00:00:00.020230222,BBDC4,BRADESCO,13.7,13.8,13.56,13.82,13.7,36666600,502644405.0,R$,10,2,   ,PN      N1,0.0,0,99991231,1
1970-01-01 00:00:00.020230222,VALE3,VALE,87.05,87.36,86.57,88.45,87.41,16864400,1474198647.0,R$,10,2,   ,ON      NM,0.0,0,99991231,1
1970-01-01 00:00:00.020230223,VALE3,VALE,87.0,86.95,85.55,88.07,86.78,21485100,1864505643.0,R$,10,2,   ,ON      NM,0.0,0,99991231,1
1970-01-01 00:00:00.020230223,ITUB4,ITAUUNIBANCO,26.41,26.48,26.36,27.06,26.62,38119200,1014815829.0,R$,10,2,   ,PN      N1,0.0,0,99991231,1
1970-01-01 00:00:00.020230223,ABEV3,AMBEVS/A,13.21,13.25,13.12,13.4,13.25,24914000,330172358.0,R$,10,2,   ,ON        ,0.0,0,99991231,1
1970-01-01 00:00:00.020230223,BBDC4,BRADESCO,13.83,13.74,13.7,13.99,13.79,42173800,581682160.0,R$,10,2,   ,PN      N1,0.0,0,99991231,1
1970-01-01 00:00:00.020230223,PETR4,PETROBRAS,25.77,26.55,25.77,26.79,26.45,73913400,1955748410.0,R$,10,2,   ,PN      N2,0.0,0,99991231,1
1970-01-01 00:00:00.020230224,ABEV3,AMBEVS/A,13.22,13.32,13.08,13.4,13.24,26791100,354895677.0,R$,10,2,   ,ON        ,0.0,0,99991231,1
1970-01-01 00:00:00.020230224,VALE3,VALE,86.05,85.04,84.65,86.48,85.25,17183900,1465082657.0,R$,10,2,   ,ON      NM,0.0,0,99991231,1
1970-01-01 00:00:00.020230224,BBDC4,BRADESCO,13.73,13.3,13.24,13.79,13.39,40443000,541903111.0,R$,10,2,   ,PN      N1,0.0,0,99991231,1
1970-01-01 00:00:00.020230224,PETR4,PETROBRAS,26.67,25.97,25.87,26.7,26.19,64409100,1686877161.0,R$,10,2,   ,PN      N2,0.0,0,99991231,1
1970-01-01 00:00:00.020230224,ITUB4,ITAUUNIBANCO,26.25,25.67,25.55,26.31,25.78,31262100,806065678.0,R$,10,2,   ,PN      N1,0.0,0,99991231,1
1970-01-01 00:00:00.020230227,ITUB4,ITAUUNIBANCO,25.79,25.34,25.28,25.8,25.46,17739200,451712124.0,R$,10,2,   ,PN      N1,0.0,0,99991231,1
1970-01-01 00:00:00.020230227,PETR4,PETROBRAS,25.84,26.15,25.81,26.74,26.32,76250600,2007274822.0,R$,10,2,   ,PN      N2,0.0,0,99991231,1
1970-01-01 00:00:00.020230227,VALE3,VALE,84.56,85.04,83.65,85.38,84.61,14422200,1220265691.0,R$,10,2,   ,ON      NM,0.0,0,99991231,1
1970-01-01 00:00:00.020230227,ABEV3,AMBEVS/A,13.38,13.4,13.26,13.46,13.38,30248900,405028152.0,R$,10,2,   ,ON        ,0.0,0,99991231,1
1970-01-01 00:00:00.020230227,BBDC4,BRADESCO,13.37,13.17,13.09,13.43,13.21,24898500,329033484.0,R$,10,2,   ,PN      N1,0.0,0,99991231,1
1970-01-01 00:00:00.020230228,ABEV3,AMBEVS/A,13.43,13.39,13.34,13.59,13.44,39333900,529038272.0,R$,10,2,   ,ON        ,0.0,0,99991231,1
1970-01-01 00:00:00.020230228,BBDC4,BRADESCO,13.21,13.08,13.05,13.41,13.14,38059200,500191628.0,R$,10,2,   ,PN      N1,0.0,0,99991231,1
1970-01-01 00:00:00.020230228,ITUB4,ITAUUNIBANCO,25.4,25.43,25.18,25.83,25.43,26006300,661549802.0,R$,10,2,   ,PN      N1,0.0,0,99991231,1
1970-01-01 00:00:00.020230228,VALE3,VALE,85.06,85.32,84.34,86.5,85.53,21127300,1807145465.0,R$,10,2,   ,ON      NM,0.0,0,99991231,1
1970-01-01 00:00:00.020230228,PETR4,PETROBRAS,26.21,25.24,25.24,26.92,25.92,130248100,3376106071.0,R$,10,2,   ,PN      N2,0.0,0,99991231,1
1970-01-01 00:00:00.020230301,VALE3,VALE,87.77,89.2,87.5,89.85,88.99,30916600,2751333561.0,R$,10,2,   ,ON      NM,0.0,0,99991231,1
1970-01-01 00:00:00.020230301,BBDC4,BRADESCO,13.18,12.98,12.75,13.18,12.85,43825000,563222366.0,R$,10,2,   ,PN      N1,0.0,0,99991231,1
1970-01-01 00:00:00.020230301,ABEV3,AMBEVS/A,13.42,13.47,13.26,13.63,13.42,28582000,383658325.0,R$,10,2,   ,ON        ,0.0,0,99991231,1
1970-01-01 00:00:00.020230301,ITUB4,ITAUUNIBANCO,25.32,25.0,24.39,25.35,24.72,43941800,1086372649.0,R$,10,2,   ,PN  EJ  N1,0.0,0,99991231,1
1970-01-01 00:00:00.020230301,PETR4,PETROBRAS,25.31,25.3,24.19,25.43,24.77,109257700,2706572490.0,R$,10,2,   ,PN      N2,0.0,0,99991231,1
1970-01-01 00:00:00.020230302,VALE3,VALE,89.2,89.0,88.42,90.14,89.12,21740900,1937563736.0,R$,10,2,   ,ON      NM,0.0,0,99991231,1
1970-01-01 00:00:00.020230302,ABEV3,AMBEVS/A,13.47,13.13,13.07,13.54,13.18,47796400,630134879.0,R$,10,2,   ,ON        ,0.0,0,99991231,1
1970-01-01 00:00:00.020230302,PETR4,PETROBRAS,25.42,24.64,24.37,25.67,24.95,124516200,3106793934.0,R$,10,2,   ,PN      N2,0.0,0,99991231,1
1970-01-01 00:00:00.020230302,ITUB4,ITAUUNIBANCO,24.9,24.18,24.04,25.2,24.52,46105200,1130878329.0,R$,10,2,   ,PN  EJ  N1,0.0,0,99991231,1
1970-01-01 00:00:00.020230302,BBDC4,BRADESCO,12.92,12.79,12.79,13.09,12.92,32975000,426166248.0,R$,10,2,   ,PN  EJ  N1,0.0,0,99991231,1
1970-01-01 00:00:00.020230303,ABEV3,AMBEVS/A,13.12,13.11,12.99,13.22,13.09,22570600,295610672.0,R$,10,2,   ,ON        ,0.0,0,99991231,1
1970-01-01 00:00:00.020230303,BBDC4,BRADESCO,12.84,12.86,12.73,12.95,12.85,31061100,399380655.0,R$,10,2,   ,PN  EJ  N1,0.0,0,99991231,1
1970-01-01 00:00:00.020230303,ITUB4,ITAUUNIBANCO,24.34,24.21,24.09,24.59,24.31,25609300,622669814.0,R$,10,2,   ,PN  EJ  N1,0.0,0,99991231,1
1970-01-01 00:00:00.020230303,PETR4,PETROBRAS,24.83,25.7,24.45,25.74,25.16,87591800,2204375636.0,R$,10,2,   ,PN      N2,0.0,0,99991231,1
1970-01-01 00:00:00.020230303,VALE3,VALE,90.1,89.3,88.81,90.3,89.49,19783400,1770524190.0,R$,10,2,   ,ON      NM,0.0,0,99991231,1
1970-01-01 00:00:00.020230306,BBDC4,BRADESCO,12.95,13.29,12.9,13.38,13.23,38725200,512649881.0,R$,10,2,   ,PN  EJ  N1,0.0,0,99991231,1
1970-01-01 00:00:00.020230306,ITUB4,ITAUUNIBANCO,24.44,24.76,24.11,25.04,24.69,31041400,766552053.0,R$,10,2,   ,PN  EJ  N1,0.0,0,99991231,1
1970-01-01 00:00:00.020230306,ABEV3,AMBEVS/A,13.18,13.5,13.13,13.58,13.46,29101800,391793370.0,R$,10,2,   ,ON        ,0.0,0,99991231,1
1970-01-01 00:00:00.020230306,PETR4,PETROBRAS,25.7,25.96,25.37,26.12,25.81,50227400,1296620675.0,R$,10,2,   ,PN      N2,0.0,0,99991231,1
1970-01-01 00:00:00.020230306,VALE3,VALE,87.43,86.15,86.12,87.9,86.63,27298600,2365109235.0,R$,10,2,   ,ON      NM,0.0,0,99991231,1
1970-01-01 00:00:00.020230307,BBDC4,BRADESCO,13.27,13.6,13.2,13.63,13.42,58414500,784310794.0,R$,10,2,   ,PN  EJ  N1,0.0,0,99991231,1
1970-01-01 00:00:00.020230307,VALE3,VALE,86.85,85.33,84.8,87.4,85.71,20898200,1791349055.0,R$,10,2,   ,ON      NM,0.0,0,99991231,1
1970-01-01 00:00:00.020230307,ABEV3,AMBEVS/A,13.47,13.43,13.3,13.62,13.39,23803700,318860868.0,R$,10,2,   ,ON        ,0.0,0,99991231,1
1970-01-01 00:00:00.020230307,PETR4,PETROBRAS,25.72,25.1,24.93,25.78,25.33,59052500,1496308556.0,R$,10,2,   ,PN      N2,0.0,0,99991231,1
1970-01-01 00:00:00.020230307,ITUB4,ITAUUNIBANCO,24.85,24.83,24.3,24.88,24.62,28140900,693031377.0,R$,10,2,   ,PN  EJ  N1,0.0,0,99991231,1
1970-01-01 00:00:00.020230308,ABEV3,AMBEVS/A,13.4,13.62,13.35,13.64,13.55,24867300,337075786.0,R$,10,2,   ,ON        ,0.0,0,99991231,1
1970-01-01 00:00:00.020230308,ITUB4,ITAUUNIBANCO,24.99,25.14,24.76,25.33,25.09,35335600,886903166.0,R$,10,2,   ,PN  EJ  N1,0.0,0,99991231,1
1970-01-01 00:00:00.020230308,BBDC4,BRADESCO,13.66,14.02,13.65,14.12,13.99,76198500,1066481030.0,R$,10,2,   ,PN  EJ  N1,0.0,0,99991231,1
1970-01-01 00:00:00.020230308,PETR4,PETROBRAS,25.15,25.42,25.13,25.92,25.47,66220400,1687083219.0,R$,10,2,   ,PN      N2,0.0,0,99991231,1
1970-01-01 00:00:00.020230308,VALE3,VALE,85.6,86.11,85.4,86.41,85.99,22274800,1915486807.0,R$,10,2,   ,ON      NM,0.0,0,99991231,1
1970-01-01 00:00:00.020230309,ITUB4,ITAUUNIBANCO,25.0,24.66,24.61,25.08,24.76,42263900,1046570347.0,R$,10,2,   ,PN  EJ  N1,0.0,0,99991231,1
1970-01-01 00:00:00.020230309,PETR4,PETROBRAS,25.35,25.31,25.28,26.23,25.71,68042300,1749948409.0,R$,10,2,   ,PN      N2,0.0,0,99991231,1
1970-01-01 00:00:00.020230309,VALE3,VALE,85.13,84.98,84.82,86.49,85.39,24439300,2086934689.0,R$,10,2,   ,ON      NM,0.0,0,99991231,1
1970-01-01 00:00:00.020230309,BBDC4,BRADESCO,13.99,13.97,13.87,14.16,14.0,61048300,854982567.0,R$,10,2,   ,PN  EJ  N1,0.0,0,99991231,1
1970-01-01 00:00:00.020230309,ABEV3,AMBEVS/A,13.56,13.6,13.56,13.78,13.66,19988600,273101629.0,R$,10,2,   ,ON        ,0.0,0,99991231,1
1970-01-01 00:00:00.020230310,VALE3,VALE,84.6,84.7,84.27,86.18,85.13,21820200,1857632679.0,R$,10,2,   ,ON      NM,0.0,0,99991231,1
1970-01-01 00:00:00.020230310,PETR4,PETROBRAS,25.16,24.98,24.94,25.58,25.19,48118600,1212555050.0,R$,10,2,   ,PN      N2,0.0,0,99991231,1
1970-01-01 00:00:00.020230310,BBDC4,BRADESCO,13.86,13.57,13.48,13.95,13.64,40235200,549017317.0,R$,10,2,   ,PN  EJ  N1,0.0,0,99991231,1
1970-01-01 00:00:00.020230310,ITUB4,ITAUUNIBANCO,24.55,24.07,23.89,24.61,24.15,32874300,793934479.0,R$,10,2,   ,PN  EJ  N1,0.0,0,99991231,1
1970-01-01 00:00:00.020230310,ABEV3,AMBEVS/A,13.52,13.51,13.46,13.7,13.56,25089300,340364990.0,R$,10,2,   ,ON        ,0.0,0,99991231,1
1970-01-01 00:00:00.020230313,PETR4,PETROBRAS,24.55,24.19,24.1,24.86,24.42,58605500,1431598529.0,R$,10,2,   ,PN      N2,0.0,0,99991231,1
1970-01-01 00:00:00.020230313,ABEV3,AMBEVS/A,13.5,13.61,13.47,13.73,13.61,15168800,206457648.0,R$,10,2,   ,ON        ,0.0,0,99991231,1
1970-01-01 00:00:00.020230313,ITUB4,ITAUUNIBANCO,23.77,23.78,23.47,24.07,23.81,33918500,807838817.0,R$,10,2,   ,PN      N1,0.0,0,99991231,1
1970-01-01 00:00:00.020230313,VALE3,VALE,84.37,85.05,84.05,86.0,85.17,23460200,1998143689.0,R$,10,2,   ,ON      NM,0.0,0,99991231,1
1970-01-01 00:00:00.020230313,BBDC4,BRADESCO,13.5,13.42,13.25,13.58,13.44,33541200,450831015.0,R$,10,2,   ,PN  EJ  N1,0.0,0,99991231,1
1970-01-01 00:00:00.020230314,ABEV3,AMBEVS/A,13.61,13.95,13.59,14.08,13.96,52093500,727650685.0,R$,10,2,   ,ON        ,0.0,0,99991231,1
1970-01-01 00:00:00.020230314,PETR4,PETROBRAS,24.28,23.76,23.6,24.73,24.13,58916700,1421863433.0,R$,10,2,   ,PN      N2,0.0,0,99991231,1
1970-01-01 00:00:00.020230314,VALE3,VALE,83.12,83.98,82.9,84.35,83.74,18077900,1513895347.0,R$,10,2,   ,ON  ED  NM,0.0,0,99991231,1
1970-01-01 00:00:00.020230314,ITUB4,ITAUUNIBANCO,23.56,23.7,23.47,23.95,23.69,38701800,916953480.0,R$,10,2,   ,PN      N1,0.0,0,99991231,1
1970-01-01 00:00:00.020230314,BBDC4,BRADESCO,13.29,13.34,13.19,13.55,13.38,44785600,599513383.0,R$,10,2,   ,PN      N1,0.0,0,99991231,1
1970-01-01 00:00:00.020230315,PETR4,PETROBRAS,23.33,23.34,22.8,23.48,23.16,93708800,2170297923.0,R$,10,2,   ,PN      N2,0.0,0,99991231,1
1970-01-01 00:00:00.020230315,VALE3,VALE,82.0,81.45,80.1,83.09,81.34,34103400,2774140656.0,R$,10,2,   ,ON  ED  NM,0.0,0,99991231,1
1970-01-01 00:00:00.020230315,ABEV3,AMBEVS/A,13.8,14.02,13.75,14.1,14.0,36367400,509307406.0,R$,10,2,   ,ON        ,0.0,0,99991231,1
1970-01-01 00:00:00.020230315,ITUB4,ITAUUNIBANCO,23.37,23.64,23.02,23.76,23.39,50653100,1184797241.0,R$,10,2,   ,PN      N1,0.0,0,99991231,1
1970-01-01 00:00:00.020230315,BBDC4,BRADESCO,13.14,13.53,12.95,13.59,13.28,70935100,942704649.0,R$,10,2,   ,PN      N1,0.0,0,99991231,1
1970-01-01 00:00:00.020230316,PETR4,PETROBRAS,23.4,23.26,22.97,23.52,23.27,66821000,1555236046.0,R$,10,2,   ,PN      N2,0.0,0,99991231,1
1970-01-01 00:00:00.020230316,ITUB4,ITAUUNIBANCO,23.66,24.03,23.52,24.15,23.87,40089800,957268972.0,R$,10,2,   ,PN      N1,0.0,0,99991231,1
1970-01-01 00:00:00.020230316,BBDC4,BRADESCO,13.52,13.91,13.45,14.01,13.82,84701000,1171215936.0,R$,10,2,   ,PN      N1,0.0,0,99991231,1
1970-01-01 00:00:00.020230316,VALE3,VALE,81.22,81.75,80.71,82.15,81.55,20573400,1677912115.0,R$,10,2,   ,ON  ED  NM,0.0,0,99991231,1
1970-01-01 00:00:00.020230316,ABEV3,AMBEVS/A,14.0,14.26,14.0,14.41,14.26,29043700,414204985.0,R$,10,2,   ,ON        ,0.0,0,99991231,1
1970-01-01 00:00:00.020230317,VALE3,VALE,82.91,82.73,82.63,83.5,82.88,39906400,3307558041.0,R$,10,2,   ,ON  ED  NM,0.0,0,99991231,1
1970-01-01 00:00:00.020230317,ABEV3,AMBEVS/A,14.2,14.22,14.09,14.4,14.24,52021500,741230248.0,R$,10,2,   ,ON        ,0.0,0,99991231,1
1970-01-01 00:00:00.020230317,BBDC4,BRADESCO,13.78,13.33,13.33,13.82,13.41,76083800,1020575745.0,R$,10,2,   ,PN      N1,0.0,0,99991231,1
1970-01-01 00:00:00.020230317,ITUB4,ITAUUNIBANCO,23.9,23.34,23.3,23.92,23.4,60517100,1416347471.0,R$,10,2,   ,PN      N1,0.0,0,99991231,1
1970-01-01 00:00:00.020230317,PETR4,PETROBRAS,23.1,23.51,22.86,23.51,23.3,93502700,2179140263.0,R$,10,2,   ,PN      N2,0.0,0,99991231,1
1970-01-01 00:00:00.020230320,ITUB4,ITAUUNIBANCO,23.4,23.4,23.18,23.86,23.44,32597400,764359503.0,R$,10,2,   ,PN      N1,0.0,0,99991231,1
1970-01-01 00:00:00.020230320,ABEV3,AMBEVS/A,14.2,14.12,14.05,14.27,14.12,33729400,476560105.0,R$,10,2,   ,ON        ,0.0,0,99991231,1
1970-01-01 00:00:00.020230320,BBDC4,BRADESCO,13.36,13.1,13.04,13.52,13.2,34593300,456707159.0,R$,10,2,   ,PN      N1,0.0,0,99991231,1
1970-01-01 00:00:00.020230320,VALE3,VALE,82.72,83.41,81.81,83.99,83.34,19650900,1637734050.0,R$,10,2,   ,ON  ED  NM,0.0,0,99991231,1
1970-01-01 00:00:00.020230320,PETR4,PETROBRAS,23.51,22.93,22.89,23.65,23.13,57575200,1331867288.0,R$,10,2,   ,PN      N2,0.0,0,99991231,1
1970-01-01 00:00:00.020230321,VALE3,VALE,83.22,82.71,81.54,83.44,82.34,15692200,1292121555.0,R$,10,2,   ,ON  ED  NM,0.0,0,99991231,1
1970-01-01 00:00:00.020230321,ABEV3,AMBEVS/A,14.14,13.95,13.9,14.18,13.99,16500900,230904166.0,R$,10,2,   ,ON        ,0.0,0,99991231,1
1970-01-01 00:00:00.020230321,BBDC4,BRADESCO,13.19,13.14,13.09,13.37,13.22,38954800,515225389.0,R$,10,2,   ,PN      N1,0.0,0,99991231,1
1970-01-01 00:00:00.020230321,ITUB4,ITAUUNIBANCO,23.5,23.88,23.5,24.15,23.94,38574400,923776306.0,R$,10,2,   ,PN      N1,0.0,0,99991231,1
1970-01-01 00:00:00.020230321,PETR4,PETROBRAS,23.2,23.4,23.08,23.6,23.4,43391200,1015784083.0,R$,10,2,   ,PN      N2,0.0,0,99991231,1
1970-01-01 00:00:00.020230322,VALE3,VALE,82.0,81.68,81.61,82.75,82.11,18085500,1485137292.0,R$,10,2,   ,ON  ED  NM,0.0,0,99991231,1
1970-01-01 00:00:00.020230322,BBDC4,BRADESCO,13.14,13.02,12.96,13.24,13.11,29424300,385924204.0,R$,10,2,   ,PN      N1,0.0,0,99991231,1
1970-01-01 00:00:00.020230322,ITUB4,ITAUUNIBANCO,23.95,23.74,23.68,24.25,23.98,36400300,873068979.0,R$,10,2,   ,PN      N1,0.0,0,99991231,1
1970-01-01 00:00:00.020230322,PETR4,PETROBRAS,23.39,23.33,23.04,23.62,23.34,46435600,1084005691.0,R$,10,2,   ,PN      N2,0.0,0,99991231,1
1970-01-01 00:00:00.020230322,ABEV3,AMBEVS/A,13.91,13.95,13.89,14.09,13.99,16107100,225377384.0,R$,10,2,   ,ON        ,0.0,0,99991231,1
1970-01-01 00:00:00.020230323,VALE3,VALE,81.52,79.58,78.81,82.18,80.25,26000100,2086755430.0,R$,10,2,   ,ON  ED  NM,0.0,0,99991231,1
1970-01-01 00:00:00.020230323,PETR4,PETROBRAS,23.37,22.8,22.59,23.67,23.06,74711200,1723497789.0,R$,10,2,   ,PN      N2,0.0,0,99991231,1
1970-01-01 00:00:00.020230323,BBDC4,BRADESCO,13.07,12.57,12.44,13.12,12.69,61539500,780968710.0,R$,10,2,   ,PN      N1,0.0,0,99991231,1
1970-01-01 00:00:00.020230323,ITUB4,ITAUUNIBANCO,23.75,23.15,22.89,24.25,23.43,52801200,1237361650.0,R$,10,2,   ,PN      N1,0.0,0,99991231,1
1970-01-01 00:00:00.020230323,ABEV3,AMBEVS/A,14.01,13.78,13.67,14.15,13.84,26202600,362705818.0,R$,10,2,   ,ON        ,0.0,0,99991231,1
1970-01-01 00:00:00.020230324,ABEV3,AMBEVS/A,13.84,13.89,13.75,14.02,13.9,27154200,377626434.0,R$,10,2,   ,ON        ,0.0,0,99991231,1
1970-01-01 00:00:00.020230324,VALE3,VALE,79.69,78.67,78.09,79.86,78.63,27801900,2186131778.0,R$,10,2,   ,ON      NM,0.0,0,99991231,1
1970-01-01 00:00:00.020230324,BBDC4,BRADESCO,12.68,12.71,12.39,12.83,12.61,40452000,510201519.0,R$,10,2,   ,PN      N1,0.0,0,99991231,1
1970-01-01 00:00:00.020230324,PETR4,PETROBRAS,22.71,22.79,22.48,23.13,22.84,52556800,1200613598.0,R$,10,2,   ,PN      N2,0.0,0,99991231,1
1970-01-01 00:00:00.020230324,ITUB4,ITAUUNIBANCO,23.16,23.22,22.74,23.42,23.15,30018800,695199079.0,R$,10,2,   ,PN  EJ  N1,0.0,0,99991231,1
1970-01-01 00:00:00.020230327,ITUB4,ITAUUNIBANCO,23.5,23.62,23.38,23.78,23.62,39378700,930140161.0,R$,10,2,   ,PN  EJ  N1,0.0,0,99991231,1
1970-01-01 00:00:00.020230327,ABEV3,AMBEVS/A,14.0,13.93,13.88,14.11,13.97,15709700,219527710.0,R$,10,2,   ,ON        ,0.0,0,99991231,1
1970-01-01 00:00:00.020230327,PETR4,PETROBRAS,23.11,23.18,22.83,23.36,23.1,39148700,904715106.0,R$,10,2,   ,PN      N2,0.0,0,99991231,1
1970-01-01 00:00:00.020230327,VALE3,VALE,79.51,78.54,78.03,80.08,78.79,14202900,1119096067.0,R$,10,2,   ,ON      NM,0.0,0,99991231,1
1970-01-01 00:00:00.020230327,BBDC4,BRADESCO,12.86,12.94,12.76,13.02,12.89,45000300,580285590.0,R$,10,2,   ,PN      N1,0.0,0,99991231,1
1970-01-01 00:00:00.020230328,PETR4,PETROBRAS,23.22,23.59,23.15,23.64,23.45,29091100,682280882.0,R$,10,2,   ,PN      N2,0.0,0,99991231,1
1970-01-01 00:00:00.020230328,ITUB4,ITAUUNIBANCO,23.64,23.73,23.5,23.92,23.77,28363000,674309211.0,R$,10,2,   ,PN  EJ  N1,0.0,0,99991231,1
1970-01-01 00:00:00.020230328,ABEV3,AMBEVS/A,13.95,14.59,13.9,15.03,14.58,121741000,1775454969.0,R$,10,2,   ,ON        ,0.0,0,99991231,1
1970-01-01 00:00:00.020230328,BBDC4,BRADESCO,12.9,12.92,12.81,13.08,12.93,30254900,391365813.0,R$,10,2,   ,PN      N1,0.0,0,99991231,1
1970-01-01 00:00:00.020230328,VALE3,VALE,78.72,79.37,78.59,79.9,79.47,13866800,1102102205.0,R$,10,2,   ,ON      NM,0.0,0,99991231,1
1970-01-01 00:00:00.020230329,PETR4,PETROBRAS,23.71,23.9,23.47,24.04,23.76,49148600,1168098960.0,R$,10,2,   ,PN      N2,0.0,0,99991231,1
1970-01-01 00:00:00.020230329,ABEV3,AMBEVS/A,14.66,14.81,14.49,14.92,14.76,40734700,601404074.0,R$,10,2,   ,ON        ,0.0,0,99991231,1
1970-01-01 00:00:00.020230329,ITUB4,ITAUUNIBANCO,23.75,23.96,23.58,24.08,23.82,22773800,542603826.0,R$,10,2,   ,PN  EJ  N1,0.0,0,99991231,1
1970-01-01 00:00:00.020230329,VALE3,VALE,79.99,80.51,79.84,80.84,80.38,17345200,1394377265.0,R$,10,2,   ,ON      NM,0.0,0,99991231,1
1970-01-01 00:00:00.020230329,BBDC4,BRADESCO,12.96,12.99,12.7,13.19,12.95,58776800,761739022.0,R$,10,2,   ,PN      N1,0.0,0,99991231,1
1970-01-01 00:00:00.020230330,ABEV3,AMBEVS/A,15.0,14.82,14.75,15.05,14.84,24247000,359977890.0,R$,10,2,   ,ON        ,0.0,0,99991231,1
1970-01-01 00:00:00.020230330,BBDC4,BRADESCO,13.21,13.38,13.1,13.4,13.28,58758400,780437625.0,R$,10,2,   ,PN      N1,0.0,0,99991231,1
1970-01-01 00:00:00.020230330,PETR4,PETROBRAS,24.25,23.97,23.68,24.28,23.91,56116900,1342250117.0,R$,10,2,   ,PN      N2,0.0,0,99991231,1
1970-01-01 00:00:00.020230330,VALE3,VALE,81.7,81.82,81.15,81.95,81.56,14249000,1162238781.0,R$,10,2,   ,ON      NM,0.0,0,99991231,1
1970-01-01 00:00:00.020230330,ITUB4,ITAUUNIBANCO,24.32,24.62,24.22,24.8,24.51,38191200,936283350.0,R$,10,2,   ,PN  EJ  N1,0.0,0,99991231,1
1970-01-01 00:00:00.020230331,ABEV3,AMBEVS/A,14.87,14.33,14.19,14.92,14.38,68236900,981523952.0,R$,10,2,   ,ON        ,0.0,0,99991231,1
1970-01-01 00:00:00.020230331,PETR4,PETROBRAS,24.0,23.45,23.21,24.22,23.66,59547800,1409040370.0,R$,10,2,   ,PN      N2,0.0,0,99991231,1
1970-01-01 00:00:00.020230331,VALE3,VALE,81.6,80.29,79.91,82.17,80.87,22468400,1817205096.0,R$,10,2,   ,ON      NM,0.0,0,99991231,1
1970-01-01 00:00:00.020230331,BBDC4,BRADESCO,13.37,13.17,13.05,13.47,13.23,60841800,805525282.0,R$,10,2,   ,PN      N1,0.0,0,99991231,1
1970-01-01 00:00:00.020230331,ITUB4,ITAUUNIBANCO,24.74,24.74,24.49,25.09,24.85,57822100,1437158006.0,R$,10,2,   ,PN  EJ  N1,0.0,0,99991231,1
1970-01-01 00:00:00.020230403,ITUB4,ITAUUNIBANCO,24.68,24.03,23.81,24.7,24.02,33808300,812364078.0,R$,10,2,   ,PN  EJ  N1,0.0,0,99991231,1
1970-01-01 00:00:00.020230403,ABEV3,AMBEVS/A,14.23,14.33,14.04,14.35,14.23,24136100,343582742.0,R$,10,2,   ,ON        ,0.0,0,99991231,1
1970-01-01 00:00:00.020230403,BBDC4,BRADESCO,13.18,12.84,12.78,13.22,12.86,58954700,758415203.0,R$,10,2,   ,PN      N1,0.0,0,99991231,1
1970-01-01 00:00:00.020230403,PETR4,PETROBRAS,24.09,24.49,23.8,24.5,24.21,73931200,1790236305.0,R$,10,2,   ,PN      N2,0.0,0,99991231,1
1970-01-01 00:00:00.020230403,VALE3,VALE,79.8,80.31,79.41,80.39,79.88,13510200,1079206602.0,R$,10,2,   ,ON      NM,0.0,0,99991231,1
1970-01-01 00:00:00.020230404,VALE3,VALE,79.96,78.04,77.75,80.18,78.66,20485600,1611504654.0,R$,10,2,   ,ON      NM,0.0,0,99991231,1
1970-01-01 00:00:00.020230404,PETR4,PETROBRAS,24.63,24.27,24.1,24.76,24.36,57505700,1401208072.0,R$,10,2,   ,PN      N2,0.0,0,99991231,1
1970-01-01 00:00:00.020230404,ITUB4,ITAUUNIBANCO,24.14,24.51,24.12,24.71,24.49,22875900,560427199.0,R$,10,2,   ,PN  EJ  N1,0.0,0,99991231,1
1970-01-01 00:00:00.020230404,ABEV3,AMBEVS/A,14.41,14.43,14.23,14.62,14.43,25925800,374279825.0,R$,10,2,   ,ON        ,0.0,0,99991231,1
1970-01-01 00:00:00.020230404,BBDC4,BRADESCO,12.93,13.11,12.88,13.18,13.06,46417800,606403224.0,R$,10,2,   ,PN  EJ  N1,0.0,0,99991231,1
1970-01-01 00:00:00.020230405,PETR4,PETROBRAS,24.19,24.35,23.27,24.53,23.93,93626400,2241025065.0,R$,10,2,   ,PN      N2,0.0,0,99991231,1
1970-01-01 00:00:00.020230405,ABEV3,AMBEVS/A,14.51,14.4,14.21,14.63,14.38,20359100,292964067.0,R$,10,2,   ,ON        ,0.0,0,99991231,1
1970-01-01 00:00:00.020230405,BBDC4,BRADESCO,13.1,13.22,13.03,13.36,13.2,51710100,683066372.0,R$,10,2,   ,PN  EJ  N1,0.0,0,99991231,1
1970-01-01 00:00:00.020230405,ITUB4,ITAUUNIBANCO,24.57,24.49,24.18,24.81,24.46,31919900,780911153.0,R$,10,2,   ,PN  EJ  N1,0.0,0,99991231,1
1970-01-01 00:00:00.020230405,VALE3,VALE,77.75,76.89,75.9,77.76,76.6,25382600,1944426822.0,R$,10,2,   ,ON      NM,0.0,0,99991231,1
1970-01-01 00:00:00.020230406,BBDC4,BRADESCO,13.23,13.03,12.95,13.31,13.06,32588600,425664510.0,R$,10,2,   ,PN  EJ  N1,0.0,0,99991231,1
1970-01-01 00:00:00.020230406,VALE3,VALE,76.67,76.75,76.28,77.5,76.74,13976800,1072594288.0,R$,10,2,   ,ON      NM,0.0,0,99991231,1
1970-01-01 00:00:00.020230406,ITUB4,ITAUUNIBANCO,24.56,24.41,24.23,24.67,24.44,21757200,531827300.0,R$,10,2,   ,PN  EJ  N1,0.0,0,99991231,1
1970-01-01 00:00:00.020230406,ABEV3,AMBEVS/A,14.24,14.43,14.24,14.61,14.43,39044600,563431002.0,R$,10,2,   ,ON        ,0.0,0,99991231,1
1970-01-01 00:00:00.020230406,PETR4,PETROBRAS,24.34,24.0,23.95,24.42,24.15,29565400,714160860.0,R$,10,2,   ,PN      N2,0.0,0,99991231,1
1970-01-01 00:00:00.020230410,PETR4,PETROBRAS,24.03,24.51,24.03,24.66,24.43,41455900,1013132448.0,R$,10,2,   ,PN      N2,0.0,0,99991231,1
1970-01-01 00:00:00.020230410,ABEV3,AMBEVS/A,14.5,14.46,14.34,14.78,14.45,31288100,452184341.0,R$,10,2,   ,ON        ,0.0,0,99991231,1
1970-01-01 00:00:00.020230410,BBDC4,BRADESCO,13.08,13.18,13.04,13.25,13.18,24189300,318866844.0,R$,10,2,   ,PN  EJ  N1,0.0,0,99991231,1
1970-01-01 00:00:00.020230410,ITUB4,ITAUUNIBANCO,24.64,24.67,24.51,24.75,24.65,14142500,348647379.0,R$,10,2,   ,PN  EJ  N1,0.0,0,99991231,1
1970-01-01 00:00:00.020230410,VALE3,VALE,76.75,78.23,76.7,78.26,77.92,13849000,1079183411.0,R$,10,2,   ,ON      NM,0.0,0,99991231,1
1970-01-01 00:00:00.020230411,ABEV3,AMBEVS/A,14.49,14.78,14.39,14.87,14.74,43646400,643768351.0,R$,10,2,   ,ON        ,0.0,0,99991231,1
1970-01-01 00:00:00.020230411,ITUB4,ITAUUNIBANCO,25.2,25.47,25.01,25.62,25.4,48430300,1230428248.0,R$,10,2,   ,PN  EJ  N1,0.0,0,99991231,1
1970-01-01 00:00:00.020230411,BBDC4,BRADESCO,13.31,13.87,13.19,13.87,13.69,94873900,1299028541.0,R$,10,2,   ,PN  EJ  N1,0.0,0,99991231,1
1970-01-01 00:00:00.020230411,VALE3,VALE,80.5,82.36,80.06,82.95,81.85,34226000,2801667811.0,R$,10,2,   ,ON      NM,0.0,0,99991231,1
1970-01-01 00:00:00.020230411,PETR4,PETROBRAS,24.7,25.66,24.63,25.7,25.28,80565000,2037241674.0,R$,10,2,   ,PN      N2,0.0,0,99991231,1
1970-01-01 00:00:00.020230412,ITUB4,ITAUUNIBANCO,25.64,25.64,25.37,26.02,25.73,41827200,1076529855.0,R$,10,2,   ,PN  EJ  N1,0.0,0,99991231,1
1970-01-01 00:00:00.020230412,ABEV3,AMBEVS/A,14.82,14.76,14.64,14.93,14.81,38015500,563087779.0,R$,10,2,   ,ON        ,0.0,0,99991231,1
1970-01-01 00:00:00.020230412,VALE3,VALE,82.75,80.6,80.29,82.8,81.01,32702000,2649244007.0,R$,10,2,   ,ON      NM,0.0,0,99991231,1
1970-01-01 00:00:00.020230412,BBDC4,BRADESCO,13.89,13.8,13.77,14.2,13.93,63610500,886142172.0,R$,10,2,   ,PN  EJ  N1,0.0,0,99991231,1
1970-01-01 00:00:00.020230412,PETR4,PETROBRAS,25.98,25.85,25.18,26.15,25.78,71563400,1845365985.0,R$,10,2,   ,PN      N2,0.0,0,99991231,1
1970-01-01 00:00:00.020230413,BBDC4,BRADESCO,13.82,13.81,13.62,13.94,13.81,33003100,455798635.0,R$,10,2,   ,PN  EJ  N1,0.0,0,99991231,1
1970-01-01 00:00:00.020230413,ITUB4,ITAUUNIBANCO,25.76,25.64,25.45,25.91,25.7,35846900,921491640.0,R$,10,2,   ,PN  EJ  N1,0.0,0,99991231,1
1970-01-01 00:00:00.020230413,ABEV3,AMBEVS/A,14.73,14.59,14.43,14.84,14.57,25996600,378830048.0,R$,10,2,   ,ON        ,0.0,0,99991231,1
1970-01-01 00:00:00.020230413,VALE3,VALE,80.0,79.51,78.97,80.73,79.54,21361900,1699138932.0,R$,10,2,   ,ON      NM,0.0,0,99991231,1
1970-01-01 00:00:00.020230413,PETR4,PETROBRAS,25.85,26.03,25.8,26.09,25.96,38852800,1008756936.0,R$,10,2,   ,PN      N2,0.0,0,99991231,1
1970-01-01 00:00:00.020230414,PETR4,PETROBRAS,25.8,26.3,25.72,26.4,26.18,38421100,1006235428.0,R$,10,2,   ,PN      N2,0.0,0,99991231,1
1970-01-01 00:00:00.020230414,ABEV3,AMBEVS/A,14.5,14.65,14.44,14.73,14.62,14511000,212239410.0,R$,10,2,   ,ON        ,0.0,0,99991231,1
1970-01-01 00:00:00.020230414,ITUB4,ITAUUNIBANCO,25.55,26.01,25.44,26.13,25.93,34411400,892552128.0,R$,10,2,   ,PN      N1,0.0,0,99991231,1
1970-01-01 00:00:00.020230414,VALE3,VALE,79.1,78.81,78.0,79.8,78.84,22693200,1789307348.0,R$,10,2,   ,ON      NM,0.0,0,99991231,1
1970-01-01 00:00:00.020230414,BBDC4,BRADESCO,13.73,13.79,13.6,13.94,13.78,41846400,576780165.0,R$,10,2,   ,PN  EJ  N1,0.0,0,99991231,1
1970-01-01 00:00:00.020230417,ABEV3,AMBEVS/A,14.73,14.75,14.57,14.77,14.7,12975100,190853170.0,R$,10,2,   ,ON        ,0.0,0,99991231,1
1970-01-01 00:00:00.020230417,ITUB4,ITAUUNIBANCO,26.05,25.96,25.72,26.24,25.91,21330100,552817863.0,R$,10,2,   ,PN      N1,0.0,0,99991231,1
1970-01-01 00:00:00.020230417,PETR4,PETROBRAS,26.24,26.71,26.21,26.8,26.63,49427100,1316246227.0,R$,10,2,   ,PN      N2,0.0,0,99991231,1
1970-01-01 00:00:00.020230417,VALE3,VALE,79.48,77.87,77.45,80.44,78.67,21479200,1689979505.0,R$,10,2,   ,ON      NM,0.0,0,99991231,1
1970-01-01 00:00:00.020230417,BBDC4,BRADESCO,13.72,13.73,13.56,13.79,13.66,28114200,384106138.0,R$,10,2,   ,PN      N1,0.0,0,99991231,1
1970-01-01 00:00:00.020230418,ABEV3,AMBEVS/A,14.76,14.63,14.54,14.82,14.65,17645400,258594506.0,R$,10,2,   ,ON        ,0.0,0,99991231,1
1970-01-01 00:00:00.020230418,BBDC4,BRADESCO,13.79,13.64,13.48,13.86,13.6,45070000,612977175.0,R$,10,2,   ,PN      N1,0.0,0,99991231,1
1970-01-01 00:00:00.020230418,ITUB4,ITAUUNIBANCO,26.01,25.94,25.68,26.24,25.87,24193800,625894969.0,R$,10,2,   ,PN      N1,0.0,0,99991231,1
1970-01-01 00:00:00.020230418,VALE3,VALE,78.79,78.54,77.66,78.93,78.41,15193400,1191369778.0,R$,10,2,   ,ON      NM,0.0,0,99991231,1
1970-01-01 00:00:00.020230418,PETR4,PETROBRAS,26.71,27.39,26.52,27.62,27.24,99478800,2710123310.0,R$,10,2,   ,PN      N2,0.0,0,99991231,1
1970-01-01 00:00:00.020230419,ITUB4,ITAUUNIBANCO,25.75,25.53,25.49,25.85,25.64,27392900,702534314.0,R$,10,2,   ,PN      N1,0.0,0,99991231,1
1970-01-01 00:00:00.020230419,VALE3,VALE,77.3,76.25,75.02,77.62,75.96,31128000,2364491274.0,R$,10,2,   ,ON      NM,0.0,0,99991231,1
1970-01-01 00:00:00.020230419,PETR4,PETROBRAS,27.16,26.51,26.45,27.31,26.81,73217800,1963163408.0,R$,10,2,   ,PN      N2,0.0,0,99991231,1
1970-01-01 00:00:00.020230419,BBDC4,BRADESCO,13.5,13.39,13.35,13.56,13.44,45391200,610111551.0,R$,10,2,   ,PN      N1,0.0,0,99991231,1
1970-01-01 00:00:00.020230419,ABEV3,AMBEVS/A,14.53,14.58,14.43,14.68,14.59,22727300,331698205.0,R$,10,2,   ,ON        ,0.0,0,99991231,1
1970-01-01 00:00:00.020230420,VALE3,VALE,75.9,74.66,74.53,76.46,75.31,31112800,2343119281.0,R$,10,2,   ,ON      NM,0.0,0,99991231,1
1970-01-01 00:00:00.020230420,PETR4,PETROBRAS,26.52,26.69,26.29,26.98,26.69,54738400,1461007844.0,R$,10,2,   ,PN      N2,0.0,0,99991231,1
1970-01-01 00:00:00.020230420,ABEV3,AMBEVS/A,14.61,14.6,14.56,14.8,14.65,25584600,374942721.0,R$,10,2,   ,ON        ,0.0,0,99991231,1
1970-01-01 00:00:00.020230420,BBDC4,BRADESCO,13.42,13.51,13.16,13.52,13.33,61683400,822338331.0,R$,10,2,   ,PN      N1,0.0,0,99991231,1
1970-01-01 00:00:00.020230420,ITUB4,ITAUUNIBANCO,25.39,25.6,25.21,25.68,25.49,21849100,557149428.0,R$,10,2,   ,PN      N1,0.0,0,99991231,1
1970-01-01 00:00:00.020230424,ITUB4,ITAUUNIBANCO,25.59,25.37,25.18,25.78,25.4,25308300,643081721.0,R$,10,2,   ,PN      N1,0.0,0,99991231,1
1970-01-01 00:00:00.020230424,PETR4,PETROBRAS,26.6,27.2,26.5,27.26,27.02,43820900,1184152464.0,R$,10,2,   ,PN      N2,0.0,0,99991231,1
1970-01-01 00:00:00.020230424,VALE3,VALE,72.2,71.96,71.59,72.54,71.95,29754000,2140887424.0,R$,10,2,   ,ON      NM,0.0,0,99991231,1
1970-01-01 00:00:00.020230424,ABEV3,AMBEVS/A,14.66,14.34,14.27,14.74,14.43,39968000,576942575.0,R$,10,2,   ,ON        ,0.0,0,99991231,1
1970-01-01 00:00:00.020230424,BBDC4,BRADESCO,13.48,13.4,13.31,13.64,13.43,30197500,405684366.0,R$,10,2,   ,PN      N1,0.0,0,99991231,1
1970-01-01 00:00:00.020230425,PETR4,PETROBRAS,27.16,27.09,26.72,27.5,27.07,53854100,1458030439.0,R$,10,2,   ,PN      N2,0.0,0,99991231,1
1970-01-01 00:00:00.020230425,VALE3,VALE,71.2,70.0,69.71,71.2,70.08,31799200,2228607945.0,R$,10,2,   ,ON      NM,0.0,0,99991231,1
1970-01-01 00:00:00.020230425,BBDC4,BRADESCO,13.27,13.7,13.27,13.72,13.56,66333300,899802930.0,R$,10,2,   ,PN      N1,0.0,0,99991231,1
1970-01-01 00:00:00.020230425,ITUB4,ITAUUNIBANCO,25.2,25.6,25.2,25.72,25.54,22930500,585855754.0,R$,10,2,   ,PN      N1,0.0,0,99991231,1
1970-01-01 00:00:00.020230425,ABEV3,AMBEVS/A,14.28,14.29,14.06,14.38,14.24,29356500,418256188.0,R$,10,2,   ,ON        ,0.0,0,99991231,1
1970-01-01 00:00:00.020230426,PETR4,PETROBRAS,27.12,26.75,26.75,27.22,26.9,40249400,1082821688.0,R$,10,2,   ,PN      N2,0.0,0,99991231,1
1970-01-01 00:00:00.020230426,VALE3,VALE,71.0,70.27,70.27,71.43,70.69,25907200,1831620873.0,R$,10,2,   ,ON      NM,0.0,0,99991231,1
1970-01-01 00:00:00.020230426,ABEV3,AMBEVS/A,14.2,14.21,14.15,14.38,14.24,19935800,283941454.0,R$,10,2,   ,ON        ,0.0,0,99991231,1
1970-01-01 00:00:00.020230426,BBDC4,BRADESCO,13.6,13.5,13.46,13.77,13.61,29344200,399535100.0,R$,10,2,   ,PN      N1,0.0,0,99991231,1
1970-01-01 00:00:00.020230426,ITUB4,ITAUUNIBANCO,25.53,25.34,25.3,25.66,25.44,17033600,433468295.0,R$,10,2,   ,PN      N1,0.0,0,99991231,1
1970-01-01 00:00:00.020230427,VALE3,VALE,69.7,71.76,69.18,71.78,70.86,31717800,2247607008.0,R$,10,2,   ,ON      NM,0.0,0,99991231,1
1970-01-01 00:00:00.020230427,ABEV3,AMBEVS/A,14.18,14.16,14.01,14.25,14.11,16155400,227968691.0,R$,10,2,   ,ON        ,0.0,0,99991231,1
1970-01-01 00:00:00.020230427,ITUB4,ITAUUNIBANCO,25.33,25.79,25.33,25.8,25.67,20883000,536117622.0,R$,10,2,   ,PN      N1,0.0,0,99991231,1
1970-01-01 00:00:00.020230427,PETR4,PETROBRAS,26.85,26.1,25.91,27.18,26.4,115632700,3053115258.0,R$,10,2,   ,PN      N2,0.0,0,99991231,1
1970-01-01 00:00:00.020230427,BBDC4,BRADESCO,13.53,13.76,13.49,13.82,13.73,66471700,913107328.0,R$,10,2,   ,PN      N1,0.0,0,99991231,1
1970-01-01 00:00:00.020230428,VALE3,VALE,71.63,72.4,71.06,72.42,72.16,33277500,2401332804.0,R$,10,2,   ,ON      NM,0.0,0,99991231,1
1970-01-01 00:00:00.020230428,ABEV3,AMBEVS/A,14.1,14.16,13.98,14.22,14.13,21948100,310183222.0,R$,10,2,   ,ON        ,0.0,0,99991231,1
1970-01-01 00:00:00.020230428,BBDC4,BRADESCO,13.79,13.85,13.6,13.98,13.81,34292000,473834320.0,R$,10,2,   ,PN      N1,0.0,0,99991231,1
1970-01-01 00:00:00.020230428,ITUB4,ITAUUNIBANCO,25.93,25.92,25.51,25.93,25.83,20516400,530016224.0,R$,10,2,   ,PN      N1,0.0,0,99991231,1
1970-01-01 00:00:00.020230428,PETR4,PETROBRAS,23.6,23.7,23.15,24.05,23.64,81138500,1918647133.0,R$,10,2,   ,PN  EDR N2,0.0,0,99991231,1
1970-01-01 00:00:00.020230502,ITUB4,ITAUUNIBANCO,25.73,24.9,24.86,25.97,25.13,43660400,1097616569.0,R$,10,2,   ,PN  EJ  N1,0.0,0,99991231,1
1970-01-01 00:00:00.020230502,ABEV3,AMBEVS/A,14.06,14.26,13.96,14.32,14.19,26656000,378509612.0,R$,10,2,   ,ON        ,0.0,0,99991231,1
1970-01-01 00:00:00.020230502,PETR4,PETROBRAS,23.7,22.74,22.64,23.74,22.93,67911100,1557264745.0,R$,10,2,   ,PN  EDR N2,0.0,0,99991231,1
1970-01-01 00:00:00.020230502,BBDC4,BRADESCO,13.87,13.65,13.43,13.89,13.64,76570500,1044512507.0,R$,10,2,   ,PN      N1,0.0,0,99991231,1
1970-01-01 00:00:00.020230502,VALE3,VALE,71.3,69.54,69.32,71.6,69.83,37367900,2609617286.0,R$,10,2,   ,ON      NM,0.0,0,99991231,1
1970-01-01 00:00:00.020230503,PETR4,PETROBRAS,22.6,22.66,22.42,22.99,22.72,51133700,1162127935.0,R$,10,2,   ,PN  EDR N2,0.0,0,99991231,1
1970-01-01 00:00:00.020230503,VALE3,VALE,69.94,69.0,68.86,70.08,69.34,19958300,1384077591.0,R$,10,2,   ,ON      NM,0.0,0,99991231,1
1970-01-01 00:00:00.020230503,ABEV3,AMBEVS/A,14.25,14.58,14.13,14.68,14.55,34868300,507673108.0,R$,10,2,   ,ON        ,0.0,0,99991231,1
1970-01-01 00:00:00.020230503,BBDC4,BRADESCO,13.55,13.75,13.36,13.83,13.6,37376800,508336456.0,R$,10,2,   ,PN  EJ  N1,0.0,0,99991231,1
1970-01-01 00:00:00.020230503,ITUB4,ITAUUNIBANCO,24.95,24.86,24.68,25.13,24.87,23404800,582251566.0,R$,10,2,   ,PN  EJ  N1,0.0,0,99991231,1
1970-01-01 00:00:00.020230504,ABEV3,AMBEVS/A,15.2,14.63,14.47,15.31,14.78,54120800,800141672.0,R$,10,2,   ,ON        ,0.0,0,99991231,1
1970-01-01 00:00:00.020230504,VALE3,VALE,69.05,66.86,66.71,69.33,67.4,35996200,2426315823.0,R$,10,2,   ,ON      NM,0.0,0,99991231,1
1970-01-01 00:00:00.020230504,BBDC4,BRADESCO,13.82,14.07,13.82,14.22,14.02,71085400,996854050.0,R$,10,2,   ,PN  EJ  N1,0.0,0,99991231,1
1970-01-01 00:00:00.020230504,ITUB4,ITAUUNIBANCO,24.99,25.06,24.52,25.28,24.93,39720400,990552704.0,R$,10,2,   ,PN  EJ  N1,0.0,0,99991231,1
1970-01-01 00:00:00.020230504,PETR4,PETROBRAS,22.89,23.02,22.61,23.38,22.99,57854400,1330650931.0,R$,10,2,   ,PN  EDR N2,0.0,0,99991231,1
1970-01-01 00:00:00.020230505,PETR4,PETROBRAS,23.3,24.0,23.18,24.17,23.75,83365200,1980339267.0,R$,10,2,   ,PN  EDR N2,0.0,0,99991231,1
1970-01-01 00:00:00.020230505,BBDC4,BRADESCO,14.06,14.77,13.89,14.94,14.43,113562200,1638785314.0,R$,10,2,   ,PN  EJ  N1,0.0,0,99991231,1
1970-01-01 00:00:00.020230505,ITUB4,ITAUUNIBANCO,25.35,25.99,25.02,25.99,25.63,43603500,1117682503.0,R$,10,2,   ,PN  EJ  N1,0.0,0,99991231,1
1970-01-01 00:00:00.020230505,ABEV3,AMBEVS/A,14.67,14.49,14.3,14.71,14.45,25846600,373710501.0,R$,10,2,   ,ON        ,0.0,0,99991231,1
1970-01-01 00:00:00.020230505,VALE3,VALE,67.69,69.04,67.23,69.25,68.59,27107300,1859293065.0,R$,10,2,   ,ON      NM,0.0,0,99991231,1
1970-01-01 00:00:00.020230508,VALE3,VALE,70.7,69.97,69.85,71.16,70.45,24917600,1755647070.0,R$,10,2,   ,ON      NM,0.0,0,99991231,1
1970-01-01 00:00:00.020230508,ABEV3,AMBEVS/A,14.57,14.51,14.43,14.64,14.5,18558200,269269727.0,R$,10,2,   ,ON        ,0.0,0,99991231,1
1970-01-01 00:00:00.020230508,PETR4,PETROBRAS,24.45,24.51,24.21,24.63,24.45,59352300,1451742108.0,R$,10,2,   ,PN  EDR N2,0.0,0,99991231,1
1970-01-01 00:00:00.020230508,ITUB4,ITAUUNIBANCO,26.45,26.35,25.81,26.57,26.24,52814400,1386337473.0,R$,10,2,   ,PN  EJ  N1,0.0,0,99991231,1
1970-01-01 00:00:00.020230508,BBDC4,BRADESCO,14.82,15.32,14.82,15.42,15.23,119305500,1817878644.0,R$,10,2,   ,PN  EJ  N1,0.0,0,99991231,1
1970-01-01 00:00:00.020230509,PETR4,PETROBRAS,24.41,24.59,24.24,24.8,24.56,33978200,834611805.0,R$,10,2,   ,PN  EDR N2,0.0,0,99991231,1
1970-01-01 00:00:00.020230509,BBDC4,BRADESCO,15.18,15.17,15.09,15.62,15.3,63086800,965270540.0,R$,10,2,   ,PN  EJ  N1,0.0,0,99991231,1
1970-01-01 00:00:00.020230509,ABEV3,AMBEVS/A,14.49,14.5,14.44,14.57,14.49,14106700,204433166.0,R$,10,2,   ,ON        ,0.0,0,99991231,1
1970-01-01 00:00:00.020230509,ITUB4,ITAUUNIBANCO,26.28,26.51,26.23,26.79,26.56,38180100,1014342626.0,R$,10,2,   ,PN  EJ  N1,0.0,0,99991231,1
1970-01-01 00:00:00.020230509,VALE3,VALE,69.5,70.69,68.68,70.71,70.11,18717400,1312376111.0,R$,10,2,   ,ON      NM,0.0,0,99991231,1
1970-01-01 00:00:00.020230510,ITUB4,ITAUUNIBANCO,26.46,26.9,26.29,27.04,26.74,30969900,828275528.0,R$,10,2,   ,PN  EJ  N1,0.0,0,99991231,1
1970-01-01 00:00:00.020230510,PETR4,PETROBRAS,24.59,24.53,24.33,24.82,24.56,41500700,1019501158.0,R$,10,2,   ,PN  EDR N2,0.0,0,99991231,1
1970-01-01 00:00:00.020230510,VALE3,VALE,70.89,69.36,68.69,71.06,69.51,24792600,1723361929.0,R$,10,2,   ,ON      NM,0.0,0,99991231,1
1970-01-01 00:00:00.020230510,BBDC4,BRADESCO,15.15,15.2,15.02,15.28,15.16,34391600,521698909.0,R$,10,2,   ,PN  EJ  N1,0.0,0,99991231,1
1970-01-01 00:00:00.020230510,ABEV3,AMBEVS/A,14.44,14.4,14.28,14.49,14.36,32128700,461649989.0,R$,10,2,   ,ON        ,0.0,0,99991231,1
1970-01-01 00:00:00.020230511,BBDC4,BRADESCO,15.11,15.4,15.06,15.49,15.35,38711200,594578472.0,R$,10,2,   ,PN  EJ  N1,0.0,0,99991231,1
1970-01-01 00:00:00.020230511,ABEV3,AMBEVS/A,14.41,14.5,14.41,14.66,14.52,24022900,348920245.0,R$,10,2,   ,ON        ,0.0,0,99991231,1
1970-01-01 00:00:00.020230511,ITUB4,ITAUUNIBANCO,26.76,27.16,26.61,27.34,27.01,31683800,855786685.0,R$,10,2,   ,PN  EJ  N1,0.0,0,99991231,1
1970-01-01 00:00:00.020230511,VALE3,VALE,68.0,68.01,67.36,68.29,67.84,27709000,1879857666.0,R$,10,2,   ,ON      NM,0.0,0,99991231,1
1970-01-01 00:00:00.020230511,PETR4,PETROBRAS,24.13,25.43,23.93,25.48,24.71,136878100,3382705956.0,R$,10,2,   ,PN      N2,0.0,0,99991231,1
1970-01-01 00:00:00.020230512,VALE3,VALE,67.9,68.08,67.41,68.57,68.01,17578100,1195505455.0,R$,10,2,   ,ON      NM,0.0,0,99991231,1
1970-01-01 00:00:00.020230512,PETR4,PETROBRAS,25.58,26.25,25.48,26.74,26.18,117237500,3069593328.0,R$,10,2,   ,PN      N2,0.0,0,99991231,1
1970-01-01 00:00:00.020230512,ABEV3,AMBEVS/A,14.41,14.45,14.27,14.5,14.39,17911800,257787229.0,R$,10,2,   ,ON        ,0.0,0,99991231,1
1970-01-01 00:00:00.020230512,ITUB4,ITAUUNIBANCO,26.81,26.91,26.67,27.05,26.85,17773000,477308906.0,R$,10,2,   ,PN      N1,0.0,0,99991231,1
1970-01-01 00:00:00.020230512,BBDC4,BRADESCO,15.25,15.47,15.24,15.53,15.43,33331100,514371590.0,R$,10,2,   ,PN  EJ  N1,0.0,0,99991231,1
1970-01-01 00:00:00.020230515,ABEV3,AMBEVS/A,14.48,14.62,14.47,14.66,14.58,12250300,178700040.0,R$,10,2,   ,ON        ,0.0,0,99991231,1
1970-01-01 00:00:00.020230515,BBDC4,BRADESCO,15.55,15.71,15.42,15.76,15.59,44270100,690259245.0,R$,10,2,   ,PN      N1,0.0,0,99991231,1
1970-01-01 00:00:00.020230515,ITUB4,ITAUUNIBANCO,26.95,27.01,26.71,27.1,26.89,17941600,482563924.0,R$,10,2,   ,PN      N1,0.0,0,99991231,1
1970-01-01 00:00:00.020230515,VALE3,VALE,69.3,69.06,68.92,70.13,69.23,21020000,1455279270.0,R$,10,2,   ,ON      NM,0.0,0,99991231,1
1970-01-01 00:00:00.020230515,PETR4,PETROBRAS,26.06,25.66,25.4,26.15,25.66,81996700,2104496930.0,R$,10,2,   ,PN      N2,0.0,0,99991231,1
1970-01-01 00:00:00.020230516,ABEV3,AMBEVS/A,14.67,14.6,14.6,14.84,14.67,12620000,185149911.0,R$,10,2,   ,ON        ,0.0,0,99991231,1
1970-01-01 00:00:00.020230516,ITUB4,ITAUUNIBANCO,27.03,26.92,26.83,27.32,27.06,26368100,713729662.0,R$,10,2,   ,PN      N1,0.0,0,99991231,1
1970-01-01 00:00:00.020230516,BBDC4,BRADESCO,15.67,15.58,15.54,15.87,15.68,29720900,466272353.0,R$,10,2,   ,PN      N1,0.0,0,99991231,1
1970-01-01 00:00:00.020230516,VALE3,VALE,69.0,67.64,67.6,69.2,68.24,23990300,1637136275.0,R$,10,2,   ,ON      NM,0.0,0,99991231,1
1970-01-01 00:00:00.020230516,PETR4,PETROBRAS,26.11,26.3,26.08,27.03,26.51,117782700,3122973439.0,R$,10,2,   ,PN      N2,0.0,0,99991231,1
1970-01-01 00:00:00.020230517,ABEV3,AMBEVS/A,14.65,14.56,14.47,14.66,14.54,21093400,306786463.0,R$,10,2,   ,ON        ,0.0,0,99991231,1
1970-01-01 00:00:00.020230517,ITUB4,ITAUUNIBANCO,27.1,27.19,26.95,27.42,27.11,23992100,650454931.0,R$,10,2,   ,PN      N1,0.0,0,99991231,1
1970-01-01 00:00:00.020230517,PETR4,PETROBRAS,26.6,25.66,25.51,26.76,25.93,107129200,2778026782.0,R$,10,2,   ,PN      N2,0.0,0,99991231,1
1970-01-01 00:00:00.020230517,VALE3,VALE,69.12,69.88,68.81,70.24,69.75,30913100,2156243192.0,R$,10,2,   ,ON      NM,0.0,0,99991231,1
1970-01-01 00:00:00.020230517,BBDC4,BRADESCO,15.63,15.65,15.49,15.79,15.64,31306500,489749512.0,R$,10,2,   ,PN      N1,0.0,0,99991231,1
1970-01-01 00:00:00.020230518,VALE3,VALE,69.88,69.98,69.12,70.32,69.65,23710600,1651535277.0,R$,10,2,   ,ON      NM,0.0,0,99991231,1
1970-01-01 00:00:00.020230518,ABEV3,AMBEVS/A,14.54,14.55,14.37,14.59,14.48,28578200,413970278.0,R$,10,2,   ,ON        ,0.0,0,99991231,1
1970-01-01 00:00:00.020230518,PETR4,PETROBRAS,25.59,25.81,25.35,25.85,25.58,63010500,1611886996.0,R$,10,2,   ,PN      N2,0.0,0,99991231,1
1970-01-01 00:00:00.020230518,ITUB4,ITAUUNIBANCO,27.1,27.09,26.76,27.14,26.95,23660900,637712677.0,R$,10,2,   ,PN      N1,0.0,0,99991231,1
1970-01-01 00:00:00.020230518,BBDC4,BRADESCO,15.6,15.7,15.51,15.74,15.64,30064600,470308378.0,R$,10,2,   ,PN      N1,0.0,0,99991231,1
1970-01-01 00:00:00.020230519,VALE3,VALE,70.5,69.21,69.13,70.61,69.53,33803600,2350452521.0,R$,10,2,   ,ON      NM,0.0,0,99991231,1
1970-01-01 00:00:00.020230519,ABEV3,AMBEVS/A,14.6,14.58,14.4,14.77,14.56,26024100,379095728.0,R$,10,2,   ,ON        ,0.0,0,99991231,1
1970-01-01 00:00:00.020230519,BBDC4,BRADESCO,15.8,16.08,15.63,16.14,15.99,81407200,1301926935.0,R$,10,2,   ,PN      N1,0.0,0,99991231,1
1970-01-01 00:00:00.020230519,ITUB4,ITAUUNIBANCO,26.91,26.87,26.57,27.0,26.76,48684300,1303042669.0,R$,10,2,   ,PN      N1,0.0,0,99991231,1
1970-01-01 00:00:00.020230519,PETR4,PETROBRAS,26.08,25.92,25.64,26.18,25.92,68493800,1775432880.0,R$,10,2,   ,PN      N2,0.0,0,99991231,1
1970-01-01 00:00:00.020230522,PETR4,PETROBRAS,25.88,25.62,25.5,26.01,25.68,38010200,976154766.0,R$,10,2,   ,PN      N2,0.0,0,99991231,1
1970-01-01 00:00:00.020230522,ABEV3,AMBEVS/A,14.75,14.62,14.56,14.84,14.63,19796100,289807174.0,R$,10,2,   ,ON        ,0.0,0,99991231,1
1970-01-01 00:00:00.020230522,BBDC4,BRADESCO,16.05,15.92,15.9,16.29,16.03,24901500,399248183.0,R$,10,2,   ,PN      N1,0.0,0,99991231,1
1970-01-01 00:00:00.020230522,ITUB4,ITAUUNIBANCO,26.87,26.36,26.3,27.14,26.53,26348700,699068973.0,R$,10,2,   ,PN      N1,0.0,0,99991231,1
1970-01-01 00:00:00.020230522,VALE3,VALE,68.4,68.1,67.77,68.9,68.29,18936200,1293332799.0,R$,10,2,   ,ON      NM,0.0,0,99991231,1
1970-01-01 00:00:00.020230523,ITUB4,ITAUUNIBANCO,26.49,26.57,26.26,26.97,26.65,27771700,740304955.0,R$,10,2,   ,PN      N1,0.0,0,99991231,1
1970-01-01 00:00:00.020230523,PETR4,PETROBRAS,25.65,26.25,25.52,26.43,26.17,58285300,1525885004.0,R$,10,2,   ,PN      N2,0.0,0,99991231,1
1970-01-01 00:00:00.020230523,BBDC4,BRADESCO,15.93,16.05,15.91,16.48,16.21,65141600,1056562603.0,R$,10,2,   ,PN      N1,0.0,0,99991231,1
1970-01-01 00:00:00.020230523,ABEV3,AMBEVS/A,14.58,14.59,14.46,14.67,14.57,12569600,183142642.0,R$,10,2,   ,ON        ,0.0,0,99991231,1
1970-01-01 00:00:00.020230523,VALE3,VALE,67.5,66.56,66.51,67.69,66.83,39413300,2634118767.0,R$,10,2,   ,ON      NM,0.0,0,99991231,1
1970-01-01 00:00:00.020230524,ITUB4,ITAUUNIBANCO,26.4,26.42,26.25,26.7,26.45,28743700,760328607.0,R$,10,2,   ,PN      N1,0.0,0,99991231,1
1970-01-01 00:00:00.020230524,VALE3,VALE,65.78,65.05,64.82,65.78,65.16,33304700,2170347185.0,R$,10,2,   ,ON      NM,0.0,0,99991231,1
1970-01-01 00:00:00.020230524,ABEV3,AMBEVS/A,14.49,14.66,14.49,14.8,14.67,13887400,203755196.0,R$,10,2,   ,ON        ,0.0,0,99991231,1
1970-01-01 00:00:00.020230524,BBDC4,BRADESCO,15.96,15.56,15.45,15.99,15.63,84758000,1324825839.0,R$,10,2,   ,PN      N1,0.0,0,99991231,1
1970-01-01 00:00:00.020230524,PETR4,PETROBRAS,26.25,26.65,26.05,26.9,26.52,54796400,1453253083.0,R$,10,2,   ,PN      N2,0.0,0,99991231,1
1970-01-01 00:00:00.020230525,ABEV3,AMBEVS/A,14.85,14.74,14.65,14.93,14.77,20059400,296382764.0,R$,10,2,   ,ON        ,0.0,0,99991231,1
1970-01-01 00:00:00.020230525,ITUB4,ITAUUNIBANCO,26.87,27.25,26.68,27.36,27.13,45505400,1234653905.0,R$,10,2,   ,PN      N1,0.0,0,99991231,1
1970-01-01 00:00:00.020230525,PETR4,PETROBRAS,26.8,26.45,26.19,26.84,26.51,49182700,1304243157.0,R$,10,2,   ,PN      N2,0.0,0,99991231,1
1970-01-01 00:00:00.020230525,BBDC4,BRADESCO,15.77,16.12,15.73,16.25,16.07,57019700,916439047.0,R$,10,2,   ,PN      N1,0.0,0,99991231,1
1970-01-01 00:00:00.020230525,VALE3,VALE,65.8,64.85,64.78,65.8,65.07,36934900,2403414250.0,R$,10,2,   ,ON      NM,0.0,0,99991231,1
1970-01-01 00:00:00.020230526,ITUB4,ITAUUNIBANCO,27.4,27.04,26.79,27.76,27.27,29682000,809677815.0,R$,10,2,   ,PN      N1,0.0,0,99991231,1
1970-01-01 00:00:00.020230526,ABEV3,AMBEVS/A,14.81,14.76,14.64,14.9,14.75,9976800,147236166.0,R$,10,2,   ,ON        ,0.0,0,99991231,1
1970-01-01 00:00:00.020230526,BBDC4,BRADESCO,16.37,16.12,15.96,16.5,16.16,34702600,561116418.0,R$,10,2,   ,PN      N1,0.0,0,99991231,1
1970-01-01 00:00:00.020230526,PETR4,PETROBRAS,26.81,26.8,26.53,26.91,26.75,39866600,1066492077.0,R$,10,2,   ,PN      N2,0.0,0,99991231,1
1970-01-01 00:00:00.020230526,VALE3,VALE,66.75,66.33,65.91,67.04,66.57,38181700,2542137338.0,R$,10,2,   ,ON      NM,0.0,0,99991231,1
1970-01-01 00:00:00.020230529,VALE3,VALE,67.34,65.83,65.74,67.7,66.44,17320700,1150941866.0,R$,10,2,   ,ON      NM,0.0,0,99991231,1
1970-01-01 00:00:00.020230529,ABEV3,AMBEVS/A,14.67,14.76,14.6,14.85,14.75,5236900,77286334.0,R$,10,2,   ,ON        ,0.0,0,99991231,1
1970-01-01 00:00:00.020230529,ITUB4,ITAUUNIBANCO,26.96,26.92,26.7,27.05,26.9,9926900,267104556.0,R$,10,2,   ,PN      N1,0.0,0,99991231,1
1970-01-01 00:00:00.020230529,BBDC4,BRADESCO,16.12,16.14,16.0,16.2,16.11,11951700,192548406.0,R$,10,2,   ,PN      N1,0.0,0,99991231,1
1970-01-01 00:00:00.020230529,PETR4,PETROBRAS,26.75,26.69,26.56,26.82,26.68,17977100,479674722.0,R$,10,2,   ,PN      N2,0.0,0,99991231,1
1970-01-01 00:00:00.020230530,PETR4,PETROBRAS,26.72,26.39,26.26,26.8,26.45,45736700,1210054404.0,R$,10,2,   ,PN      N2,0.0,0,99991231,1
1970-01-01 00:00:00.020230530,VALE3,VALE,66.32,64.28,63.87,66.32,64.53,39920700,2576373030.0,R$,10,2,   ,ON      NM,0.0,0,99991231,1
1970-01-01 00:00:00.020230530,ABEV3,AMBEVS/A,14.83,14.48,14.42,14.89,14.53,24198200,351655121.0,R$,10,2,   ,ON        ,0.0,0,99991231,1
1970-01-01 00:00:00.020230530,ITUB4,ITAUUNIBANCO,27.08,26.54,26.21,27.19,26.5,43156800,1143915125.0,R$,10,2,   ,PN      N1,0.0,0,99991231,1
1970-01-01 00:00:00.020230530,BBDC4,BRADESCO,16.28,15.7,15.64,16.3,15.81,46546900,735960011.0,R$,10,2,   ,PN      N1,0.0,0,99991231,1
1970-01-01 00:00:00.020230531,ABEV3,AMBEVS/A,14.44,14.41,14.24,14.45,14.37,41149000,591488498.0,R$,10,2,   ,ON        ,0.0,0,99991231,1
1970-01-01 00:00:00.020230531,PETR4,PETROBRAS,26.27,26.12,25.87,26.36,26.16,49207600,1287406300.0,R$,10,2,   ,PN      N2,0.0,0,99991231,1
1970-01-01 00:00:00.020230531,BBDC4,BRADESCO,15.61,15.51,15.51,15.78,15.56,48483600,754607934.0,R$,10,2,   ,PN      N1,0.0,0,99991231,1
1970-01-01 00:00:00.020230531,ITUB4,ITAUUNIBANCO,26.49,26.33,26.2,26.56,26.34,33918500,893693745.0,R$,10,2,   ,PN      N1,0.0,0,99991231,1
1970-01-01 00:00:00.020230531,VALE3,VALE,64.28,63.81,63.51,64.87,64.0,103408900,6619016682.0,R$,10,2,   ,ON      NM,0.0,0,99991231,1
1970-01-01 00:00:00.020230601,VALE3,VALE,64.94,65.16,64.15,65.77,65.13,51982400,3385642804.0,R$,10,2,   ,ON      NM,0.0,0,99991231,1
1970-01-01 00:00:00.020230601,BBDC4,BRADESCO,15.55,15.78,15.53,15.97,15.78,33499600,528694011.0,R$,10,2,   ,PN      N1,0.0,0,99991231,1
1970-01-01 00:00:00.020230601,ITUB4,ITAUUNIBANCO,26.47,26.7,26.31,26.91,26.66,25532300,680903356.0,R$,10,2,   ,PN  EJ  N1,0.0,0,99991231,1
1970-01-01 00:00:00.020230601,ABEV3,AMBEVS/A,14.35,14.24,14.21,14.42,14.29,21073100,301336811.0,R$,10,2,   ,ON        ,0.0,0,99991231,1
1970-01-01 00:00:00.020230601,PETR4,PETROBRAS,26.3,26.96,26.16,27.0,26.76,63148200,1690396378.0,R$,10,2,   ,PN      N2,0.0,0,99991231,1
1970-01-01 00:00:00.020230602,ABEV3,AMBEVS/A,14.4,14.46,14.25,14.62,14.44,26641200,384703242.0,R$,10,2,   ,ON        ,0.0,0,99991231,1
1970-01-01 00:00:00.020230602,BBDC4,BRADESCO,15.97,16.04,15.96,16.13,16.03,25770800,413322571.0,R$,10,2,   ,PN  EJ  N1,0.0,0,99991231,1
1970-01-01 00:00:00.020230602,ITUB4,ITAUUNIBANCO,27.0,27.09,26.86,27.22,27.05,25128400,679859192.0,R$,10,2,   ,PN  EJ  N1,0.0,0,99991231,1
1970-01-01 00:00:00.020230602,PETR4,PETROBRAS,27.43,27.18,27.11,27.6,27.32,39919300,1090676881.0,R$,10,2,   ,PN      N2,0.0,0,99991231,1
1970-01-01 00:00:00.020230602,VALE3,VALE,68.0,67.94,67.37,68.2,67.8,39185700,2657023572.0,R$,10,2,   ,ON      NM,0.0,0,99991231,1
1970-01-01 00:00:00.020230605,VALE3,VALE,68.47,67.38,66.63,68.48,67.44,21478500,1448718238.0,R$,10,2,   ,ON      NM,0.0,0,99991231,1
1970-01-01 00:00:00.020230605,ITUB4,ITAUUNIBANCO,27.15,27.15,26.83,27.28,27.02,24598600,664841318.0,R$,10,2,   ,PN  EJ  N1,0.0,0,99991231,1
1970-01-01 00:00:00.020230605,ABEV3,AMBEVS/A,14.42,14.41,14.34,14.52,14.4,13795200,198674511.0,R$,10,2,   ,ON        ,0.0,0,99991231,1
1970-01-01 00:00:00.020230605,BBDC4,BRADESCO,16.2,16.33,15.97,16.42,16.19,37490300,607295611.0,R$,10,2,   ,PN  EJ  N1,0.0,0,99991231,1
1970-01-01 00:00:00.020230605,PETR4,PETROBRAS,27.54,27.47,27.23,27.56,27.4,39321700,1077749943.0,R$,10,2,   ,PN      N2,0.0,0,99991231,1
1970-01-01 00:00:00.020230606,BBDC4,BRADESCO,16.4,16.59,16.38,16.63,16.54,33361400,551803317.0,R$,10,2,   ,PN  EJ  N1,0.0,0,99991231,1
1970-01-01 00:00:00.020230606,ABEV3,AMBEVS/A,14.46,14.82,14.41,14.85,14.68,38723100,568589894.0,R$,10,2,   ,ON        ,0.0,0,99991231,1
1970-01-01 00:00:00.020230606,PETR4,PETROBRAS,27.45,28.05,27.21,28.25,27.83,75426600,2099337633.0,R$,10,2,   ,PN      N2,0.0,0,99991231,1
1970-01-01 00:00:00.020230606,VALE3,VALE,67.8,67.6,67.4,68.39,67.85,31884200,2163525832.0,R$,10,2,   ,ON      NM,0.0,0,99991231,1
1970-01-01 00:00:00.020230606,ITUB4,ITAUUNIBANCO,27.33,27.34,27.15,27.45,27.29,26212500,715385304.0,R$,10,2,   ,PN  EJ  N1,0.0,0,99991231,1
1970-01-01 00:00:00.020230607,ITUB4,ITAUUNIBANCO,27.5,27.42,27.18,27.62,27.39,28032100,767953221.0,R$,10,2,   ,PN  EJ  N1,0.0,0,99991231,1
1970-01-01 00:00:00.020230607,ABEV3,AMBEVS/A,14.89,14.85,14.65,15.03,14.83,29670300,440219523.0,R$,10,2,   ,ON        ,0.0,0,99991231,1
1970-01-01 00:00:00.020230607,BBDC4,BRADESCO,16.74,16.58,16.44,16.76,16.58,25890200,429383405.0,R$,10,2,   ,PN  EJ  N1,0.0,0,99991231,1
1970-01-01 00:00:00.020230607,VALE3,VALE,67.6,68.67,67.4,68.68,68.17,27377500,1866577211.0,R$,10,2,   ,ON      NM,0.0,0,99991231,1
1970-01-01 00:00:00.020230607,PETR4,PETROBRAS,28.65,28.87,28.43,29.06,28.8,82330400,2371142066.0,R$,10,2,   ,PN      N2,0.0,0,99991231,1
1970-01-01 00:00:00.020230609,BBDC4,BRADESCO,16.67,16.86,16.65,16.94,16.85,34371000,579253099.0,R$,10,2,   ,PN  EJ  N1,0.0,0,99991231,1
1970-01-01 00:00:00.020230609,ITUB4,ITAUUNIBANCO,27.57,27.8,27.33,27.8,27.64,29274500,809406903.0,R$,10,2,   ,PN  EJ  N1,0.0,0,99991231,1
1970-01-01 00:00:00.020230609,ABEV3,AMBEVS/A,14.92,15.14,14.89,15.17,15.03,27318300,410782364.0,R$,10,2,   ,ON        ,0.0,0,99991231,1
1970-01-01 00:00:00.020230609,VALE3,VALE,69.67,68.36,68.25,69.8,69.13,30056800,2077981920.0,R$,10,2,   ,ON      NM,0.0,0,99991231,1
1970-01-01 00:00:00.020230609,PETR4,PETROBRAS,29.1,30.28,29.02,30.39,29.87,80442400,2403345475.0,R$,10,2,   ,PN      N2,0.0,0,99991231,1
1970-01-01 00:00:00.020230612,ABEV3,AMBEVS/A,15.14,15.16,14.93,15.23,15.14,23053500,349033617.0,R$,10,2,   ,ON        ,0.0,0,99991231,1
1970-01-01 00:00:00.020230612,PETR4,PETROBRAS,30.22,30.81,30.04,30.99,30.49,119350400,3639727640.0,R$,10,2,   ,PN      N2,0.0,0,99991231,1
1970-01-01 00:00:00.020230612,BBDC4,BRADESCO,16.95,16.72,16.62,16.98,16.75,38493000,644967045.0,R$,10,2,   ,PN  EJ  N1,0.0,0,99991231,1
1970-01-01 00:00:00.020230612,ITUB4,ITAUUNIBANCO,27.93,27.5,27.42,28.04,27.65,29667500,820427325.0,R$,10,2,   ,PN  EJ  N1,0.0,0,99991231,1
1970-01-01 00:00:00.020230612,VALE3,VALE,67.8,67.12,66.7,67.8,67.14,26651200,1789480443.0,R$,10,2,   ,ON      NM,0.0,0,99991231,1
1970-01-01 00:00:00.020230613,ABEV3,AMBEVS/A,15.21,15.27,15.05,15.3,15.23,17207900,262208350.0,R$,10,2,   ,ON        ,0.0,0,99991231,1
1970-01-01 00:00:00.020230613,ITUB4,ITAUUNIBANCO,27.64,27.81,27.54,27.9,27.74,33303000,923876076.0,R$,10,2,   ,PN  EJ  N1,0.0,0,99991231,1
1970-01-01 00:00:00.020230613,VALE3,VALE,68.3,67.83,67.61,68.57,68.0,34288100,2331851300.0,R$,10,2,   ,ON      NM,0.0,0,99991231,1
1970-01-01 00:00:00.020230613,PETR4,PETROBRAS,29.24,28.86,28.59,29.24,28.82,79174900,2281824373.0,R$,10,2,   ,PN  EDJ N2,0.0,0,99991231,1
1970-01-01 00:00:00.020230613,BBDC4,BRADESCO,16.72,16.74,16.64,16.92,16.76,45002300,754667736.0,R$,10,2,   ,PN  EJ  N1,0.0,0,99991231,1
1970-01-01 00:00:00.020230614,VALE3,VALE,68.99,69.02,68.49,69.61,69.11,53775600,3716785997.0,R$,10,2,   ,ON      NM,0.0,0,99991231,1
1970-01-01 00:00:00.020230614,ITUB4,ITAUUNIBANCO,27.97,28.19,27.77,28.22,28.01,49889400,1397768365.0,R$,10,2,   ,PN      N1,0.0,0,99991231,1
1970-01-01 00:00:00.020230614,BBDC4,BRADESCO,16.84,16.85,16.59,16.96,16.78,60815500,1020906228.0,R$,10,2,   ,PN  EJ  N1,0.0,0,99991231,1
1970-01-01 00:00:00.020230614,PETR4,PETROBRAS,28.94,30.1,28.88,30.1,29.73,98326000,2923323566.0,R$,10,2,   ,PN  EDJ N2,0.0,0,99991231,1
1970-01-01 00:00:00.020230614,ABEV3,AMBEVS/A,15.26,15.33,15.08,15.43,15.25,38582700,588653746.0,R$,10,2,   ,ON        ,0.0,0,99991231,1
1970-01-01 00:00:00.020230615,ABEV3,AMBEVS/A,15.23,15.19,14.99,15.35,15.17,19514800,296081485.0,R$,10,2,   ,ON        ,0.0,0,99991231,1
1970-01-01 00:00:00.020230615,VALE3,VALE,69.1,69.56,68.36,69.65,69.01,31874100,2199802442.0,R$,10,2,   ,ON      NM,0.0,0,99991231,1
1970-01-01 00:00:00.020230615,PETR4,PETROBRAS,30.2,29.39,29.28,30.85,30.03,120579500,3621887604.0,R$,10,2,   ,PN  EDJ N2,0.0,0,99991231,1
1970-01-01 00:00:00.020230615,ITUB4,ITAUUNIBANCO,28.1,28.56,28.08,28.6,28.43,26763200,761138151.0,R$,10,2,   ,PN      N1,0.0,0,99991231,1
1970-01-01 00:00:00.020230615,BBDC4,BRADESCO,16.85,16.9,16.77,17.03,16.88,29023000,489999811.0,R$,10,2,   ,PN      N1,0.0,0,99991231,1
1970-01-01 00:00:00.020230616,PETR4,PETROBRAS,29.23,29.64,29.04,29.92,29.6,94337700,2792423019.0,R$,10,2,   ,PN  EDJ N2,0.0,0,99991231,1
1970-01-01 00:00:00.020230616,VALE3,VALE,69.4,69.67,69.21,70.2,69.71,39781900,2773400980.0,R$,10,2,   ,ON      NM,0.0,0,99991231,1
1970-01-01 00:00:00.020230616,ABEV3,AMBEVS/A,15.14,15.07,15.05,15.28,15.11,42013000,634884603.0,R$,10,2,   ,ON        ,0.0,0,99991231,1
1970-01-01 00:00:00.020230616,BBDC4,BRADESCO,16.88,16.95,16.77,17.02,16.94,41206900,698064009.0,R$,10,2,   ,PN      N1,0.0,0,99991231,1
1970-01-01 00:00:00.020230616,ITUB4,ITAUUNIBANCO,28.49,28.65,28.25,28.84,28.64,41559300,1190478764.0,R$,10,2,   ,PN      N1,0.0,0,99991231,1
1970-01-01 00:00:00.020230619,PETR4,PETROBRAS,29.63,30.42,29.55,30.46,30.18,34573900,1043579462.0,R$,10,2,   ,PN  EDJ N2,0.0,0,99991231,1
1970-01-01 00:00:00.020230619,VALE3,VALE,69.65,69.4,68.68,69.65,69.31,14894300,1032396223.0,R$,10,2,   ,ON      NM,0.0,0,99991231,1
1970-01-01 00:00:00.020230619,ITUB4,ITAUUNIBANCO,28.58,29.04,28.54,29.1,28.96,16269200,471284283.0,R$,10,2,   ,PN      N1,0.0,0,99991231,1
1970-01-01 00:00:00.020230619,ABEV3,AMBEVS/A,15.07,15.11,15.03,15.18,15.11,8520800,128771487.0,R$,10,2,   ,ON        ,0.0,0,99991231,1
1970-01-01 00:00:00.020230619,BBDC4,BRADESCO,16.98,17.25,16.95,17.28,17.19,21307100,366302014.0,R$,10,2,   ,PN      N1,0.0,0,99991231,1
1970-01-01 00:00:00.020230620,VALE3,VALE,69.0,67.61,67.31,69.02,67.75,35748700,2422254748.0,R$,10,2,   ,ON      NM,0.0,0,99991231,1
1970-01-01 00:00:00.020230620,ITUB4,ITAUUNIBANCO,28.81,28.76,28.36,28.81,28.61,24844600,710858676.0,R$,10,2,   ,PN  EJ  N1,0.0,0,99991231,1
1970-01-01 00:00:00.020230620,ABEV3,AMBEVS/A,15.06,15.14,15.01,15.15,15.09,17804600,268814413.0,R$,10,2,   ,ON        ,0.0,0,99991231,1
1970-01-01 00:00:00.020230620,BBDC4,BRADESCO,17.19,17.29,17.06,17.29,17.18,28404300,488181133.0,R$,10,2,   ,PN      N1,0.0,0,99991231,1
1970-01-01 00:00:00.020230620,PETR4,PETROBRAS,30.3,30.57,29.9,30.75,30.38,55605300,1689679843.0,R$,10,2,   ,PN  EDJ N2,0.0,0,99991231,1
1970-01-01 00:00:00.020230621,ABEV3,AMBEVS/A,15.13,15.28,15.08,15.31,15.22,15349000,233702544.0,R$,10,2,   ,ON        ,0.0,0,99991231,1
1970-01-01 00:00:00.020230621,BBDC4,BRADESCO,17.29,17.25,17.14,17.5,17.28,32294600,558158611.0,R$,10,2,   ,PN      N1,0.0,0,99991231,1
1970-01-01 00:00:00.020230621,PETR4,PETROBRAS,30.93,31.85,30.85,32.0,31.6,89294300,2822207041.0,R$,10,2,   ,PN  EDJ N2,0.0,0,99991231,1
1970-01-01 00:00:00.020230621,ITUB4,ITAUUNIBANCO,28.74,29.04,28.69,29.17,29.0,26336300,763863910.0,R$,10,2,   ,PN  EJ  N1,0.0,0,99991231,1
1970-01-01 00:00:00.020230621,VALE3,VALE,67.07,66.93,66.72,67.34,66.92,27336800,1829503602.0,R$,10,2,   ,ON      NM,0.0,0,99991231,1
1970-01-01 00:00:00.020230622,ITUB4,ITAUUNIBANCO,28.87,28.76,28.56,29.0,28.76,23911700,687939360.0,R$,10,2,   ,PN  EJ  N1,0.0,0,99991231,1
1970-01-01 00:00:00.020230622,ABEV3,AMBEVS/A,15.19,15.55,15.19,15.6,15.43,24788600,382671113.0,R$,10,2,   ,ON        ,0.0,0,99991231,1
1970-01-01 00:00:00.020230622,BBDC4,BRADESCO,17.11,16.8,16.68,17.16,16.83,36675900,617364789.0,R$,10,2,   ,PN      N1,0.0,0,99991231,1
1970-01-01 00:00:00.020230622,PETR4,PETROBRAS,31.46,31.45,31.08,31.69,31.33,43455800,1361780598.0,R$,10,2,   ,PN  EDJ N2,0.0,0,99991231,1
1970-01-01 00:00:00.020230622,VALE3,VALE,66.67,66.57,66.3,67.86,66.77,21394900,1428679764.0,R$,10,2,   ,ON      NM,0.0,0,99991231,1
1970-01-01 00:00:00.020230623,PETR4,PETROBRAS,31.2,30.16,29.89,31.28,30.44,76023400,2314522346.0,R$,10,2,   ,PN      N2,0.0,0,99991231,1
1970-01-01 00:00:00.020230623,VALE3,VALE,66.0,65.9,65.3,66.1,65.64,23510900,1543457281.0,R$,10,2,   ,ON      NM,0.0,0,99991231,1
1970-01-01 00:00:00.020230623,ABEV3,AMBEVS/A,15.55,15.49,15.44,15.59,15.5,15765000,244511926.0,R$,10,2,   ,ON        ,0.0,0,99991231,1
1970-01-01 00:00:00.020230623,ITUB4,ITAUUNIBANCO,28.85,28.67,28.48,28.85,28.66,16590300,475526777.0,R$,10,2,   ,PN  EJ  N1,0.0,0,99991231,1
1970-01-01 00:00:00.020230623,BBDC4,BRADESCO,16.81,16.59,16.45,16.85,16.59,43608700,723899047.0,R$,10,2,   ,PN      N1,0.0,0,99991231,1
1970-01-01 00:00:00.020230626,ITUB4,ITAUUNIBANCO,28.63,28.63,28.43,28.94,28.62,13589700,389021714.0,R$,10,2,   ,PN  EJ  N1,0.0,0,99991231,1
1970-01-01 00:00:00.020230626,VALE3,VALE,65.56,66.04,65.32,66.3,65.92,15030400,990843806.0,R$,10,2,   ,ON      NM,0.0,0,99991231,1
1970-01-01 00:00:00.020230626,BBDC4,BRADESCO,16.6,16.51,16.3,16.76,16.5,36850700,608208087.0,R$,10,2,   ,PN      N1,0.0,0,99991231,1
1970-01-01 00:00:00.020230626,ABEV3,AMBEVS/A,15.49,15.34,15.19,15.5,15.3,17722200,271197919.0,R$,10,2,   ,ON        ,0.0,0,99991231,1
1970-01-01 00:00:00.020230626,PETR4,PETROBRAS,30.12,30.84,30.12,31.05,30.7,53635000,1647071587.0,R$,10,2,   ,PN      N2,0.0,0,99991231,1
1970-01-01 00:00:00.020230627,VALE3,VALE,66.9,66.83,66.45,67.28,66.85,22737400,1520132406.0,R$,10,2,   ,ON      NM,0.0,0,99991231,1
1970-01-01 00:00:00.020230627,ABEV3,AMBEVS/A,15.39,15.38,15.19,15.46,15.32,13978600,214281774.0,R$,10,2,   ,ON        ,0.0,0,99991231,1
1970-01-01 00:00:00.020230627,BBDC4,BRADESCO,16.51,16.37,16.0,16.51,16.22,38301600,621511909.0,R$,10,2,   ,PN  EJ  N1,0.0,0,99991231,1
1970-01-01 00:00:00.020230627,PETR4,PETROBRAS,30.93,30.6,30.34,31.2,30.67,48399600,1484490824.0,R$,10,2,   ,PN      N2,0.0,0,99991231,1
1970-01-01 00:00:00.020230627,ITUB4,ITAUUNIBANCO,28.78,28.31,27.98,28.83,28.25,26027100,735517856.0,R$,10,2,   ,PN  EJ  N1,0.0,0,99991231,1
1970-01-01 00:00:00.020230628,PETR4,PETROBRAS,30.58,30.89,30.55,31.18,30.91,36794600,1137514554.0,R$,10,2,   ,PN      N2,0.0,0,99991231,1
1970-01-01 00:00:00.020230628,ABEV3,AMBEVS/A,15.42,15.22,15.16,15.43,15.24,21624500,329751338.0,R$,10,2,   ,ON        ,0.0,0,99991231,1
1970-01-01 00:00:00.020230628,VALE3,VALE,66.78,64.72,64.72,66.82,65.37,37628600,2460147899.0,R$,10,2,   ,ON      NM,0.0,0,99991231,1
1970-01-01 00:00:00.020230628,ITUB4,ITAUUNIBANCO,28.3,28.15,28.0,28.37,28.15,18710300,526830507.0,R$,10,2,   ,PN  EJ  N1,0.0,0,99991231,1
1970-01-01 00:00:00.020230628,BBDC4,BRADESCO,16.33,16.1,15.99,16.35,16.12,48492800,781800417.0,R$,10,2,   ,PN  EJ  N1,0.0,0,99991231,1
1970-01-01 00:00:00.020230629,BBDC4,BRADESCO,16.1,16.17,15.97,16.24,16.1,40962400,659779186.0,R$,10,2,   ,PN  EJ  N1,0.0,0,99991231,1
1970-01-01 00:00:00.020230629,ABEV3,AMBEVS/A,15.27,15.22,15.19,15.35,15.24,14831500,226176516.0,R$,10,2,   ,ON        ,0.0,0,99991231,1
1970-01-01 00:00:00.020230629,ITUB4,ITAUUNIBANCO,28.23,28.49,28.21,28.55,28.33,61962900,1755836488.0,R$,10,2,   ,PN  EJ  N1,0.0,0,99991231,1
1970-01-01 00:00:00.020230629,VALE3,VALE,64.72,65.51,64.35,65.93,65.36,24888100,1626894319.0,R$,10,2,   ,ON      NM,0.0,0,99991231,1
1970-01-01 00:00:00.020230629,PETR4,PETROBRAS,31.0,31.03,30.76,31.12,30.98,32124300,995294310.0,R$,10,2,   ,PN      N2,0.0,0,99991231,1
1970-01-01 00:00:00.020230630,BBDC4,BRADESCO,16.31,16.45,16.31,16.63,16.51,41639400,687739464.0,R$,10,2,   ,PN  EJ  N1,0.0,0,99991231,1
1970-01-01 00:00:00.020230630,VALE3,VALE,65.71,64.22,64.22,66.06,64.86,42992000,2788630089.0,R$,10,2,   ,ON      NM,0.0,0,99991231,1
1970-01-01 00:00:00.020230630,PETR4,PETROBRAS,31.0,29.53,29.32,31.08,29.92,104262900,3119757550.0,R$,10,2,   ,PN      N2,0.0,0,99991231,1
1970-01-01 00:00:00.020230630,ITUB4,ITAUUNIBANCO,28.77,28.42,28.35,28.92,28.52,27856400,794610748.0,R$,10,2,   ,PN      N1,0.0,0,99991231,1
1970-01-01 00:00:00.020230630,ABEV3,AMBEVS/A,15.35,15.41,15.25,15.47,15.39,18270700,281284758.0,R$,10,2,   ,ON        ,0.0,0,99991231,1
1970-01-01 00:00:00.020230703,PETR4,PETROBRAS,29.72,30.08,29.72,30.18,30.0,31266900,938171687.0,R$,10,2,   ,PN      N2,0.0,0,99991231,1
1970-01-01 00:00:00.020230703,ABEV3,AMBEVS/A,15.5,15.41,15.32,15.5,15.39,9309100,143352587.0,R$,10,2,   ,ON        ,0.0,0,99991231,1
1970-01-01 00:00:00.020230703,BBDC4,BRADESCO,16.6,16.66,16.47,16.71,16.62,17915500,297901472.0,R$,10,2,   ,PN  EJ  N1,0.0,0,99991231,1
1970-01-01 00:00:00.020230703,VALE3,VALE,64.71,66.23,64.64,66.5,66.05,22738400,1501915733.0,R$,10,2,   ,ON      NM,0.0,0,99991231,1
1970-01-01 00:00:00.020230703,ITUB4,ITAUUNIBANCO,28.54,28.96,28.36,29.01,28.72,17644300,506806506.0,R$,10,2,   ,PN  EJ  N1,0.0,0,99991231,1
1970-01-01 00:00:00.020230704,VALE3,VALE,65.84,65.9,65.8,66.46,66.06,12573200,830593996.0,R$,10,2,   ,ON      NM,0.0,0,99991231,1
1970-01-01 00:00:00.020230704,PETR4,PETROBRAS,29.96,30.15,29.96,30.39,30.19,18308000,552720726.0,R$,10,2,   ,PN      N2,0.0,0,99991231,1
1970-01-01 00:00:00.020230704,BBDC4,BRADESCO,16.59,16.54,16.49,16.65,16.55,10908500,180641822.0,R$,10,2,   ,PN  EJ  N1,0.0,0,99991231,1
1970-01-01 00:00:00.020230704,ITUB4,ITAUUNIBANCO,28.87,28.78,28.73,29.02,28.86,8159900,235561217.0,R$,10,2,   ,PN  EJ  N1,0.0,0,99991231,1
1970-01-01 00:00:00.020230704,ABEV3,AMBEVS/A,15.4,15.14,15.1,15.4,15.21,12338500,187788644.0,R$,10,2,   ,ON        ,0.0,0,99991231,1
1970-01-01 00:00:00.020230705,ITUB4,ITAUUNIBANCO,28.72,29.03,28.66,29.2,28.99,17651100,511706933.0,R$,10,2,   ,PN  EJ  N1,0.0,0,99991231,1
1970-01-01 00:00:00.020230705,ABEV3,AMBEVS/A,15.14,15.21,15.1,15.31,15.21,16649000,253248492.0,R$,10,2,   ,ON        ,0.0,0,99991231,1
1970-01-01 00:00:00.020230705,PETR4,PETROBRAS,30.16,30.11,29.66,30.55,30.06,53565500,1610245573.0,R$,10,2,   ,PN      N2,0.0,0,99991231,1
1970-01-01 00:00:00.020230705,BBDC4,BRADESCO,16.47,16.57,16.45,16.7,16.59,19944300,330922854.0,R$,10,2,   ,PN  EJ  N1,0.0,0,99991231,1
1970-01-01 00:00:00.020230705,VALE3,VALE,65.61,65.32,65.01,65.86,65.38,27363600,1789033147.0,R$,10,2,   ,ON      NM,0.0,0,99991231,1
1970-01-01 00:00:00.020230706,ITUB4,ITAUUNIBANCO,28.83,28.6,28.6,28.91,28.7,28309400,812694249.0,R$,10,2,   ,PN  EJ  N1,0.0,0,99991231,1
1970-01-01 00:00:00.020230706,ABEV3,AMBEVS/A,15.15,14.83,14.8,15.26,14.94,28789100,430174562.0,R$,10,2,   ,ON        ,0.0,0,99991231,1
1970-01-01 00:00:00.020230706,BBDC4,BRADESCO,16.43,16.17,16.11,16.5,16.22,40277700,653576384.0,R$,10,2,   ,PN  EJ  N1,0.0,0,99991231,1
1970-01-01 00:00:00.020230706,VALE3,VALE,64.72,64.85,64.44,65.59,64.87,18579200,1205317613.0,R$,10,2,   ,ON      NM,0.0,0,99991231,1
1970-01-01 00:00:00.020230706,PETR4,PETROBRAS,29.85,29.65,29.15,30.0,29.53,47685700,1408188320.0,R$,10,2,   ,PN      N2,0.0,0,99991231,1
1970-01-01 00:00:00.020230707,ITUB4,ITAUUNIBANCO,28.77,29.14,28.65,29.46,29.22,27781200,811932365.0,R$,10,2,   ,PN  EJ  N1,0.0,0,99991231,1
1970-01-01 00:00:00.020230707,ABEV3,AMBEVS/A,14.83,14.85,14.81,15.08,14.9,18082900,269463125.0,R$,10,2,   ,ON        ,0.0,0,99991231,1
1970-01-01 00:00:00.020230707,PETR4,PETROBRAS,29.76,29.5,29.36,30.2,29.68,55533500,1648417051.0,R$,10,2,   ,PN      N2,0.0,0,99991231,1
1970-01-01 00:00:00.020230707,BBDC4,BRADESCO,16.26,16.28,16.2,16.47,16.35,21703000,354882134.0,R$,10,2,   ,PN  EJ  N1,0.0,0,99991231,1
1970-01-01 00:00:00.020230707,VALE3,VALE,64.48,65.46,64.31,65.6,64.88,57287600,3716856088.0,R$,10,2,   ,ON      NM,0.0,0,99991231,1
1970-01-01 00:00:00.020230710,ITUB4,ITAUUNIBANCO,29.37,28.95,28.85,29.37,28.96,13239400,383441326.0,R$,10,2,   ,PN  EJ  N1,0.0,0,99991231,1
1970-01-01 00:00:00.020230710,PETR4,PETROBRAS,29.11,29.55,29.01,29.67,29.48,25590200,754572078.0,R$,10,2,   ,PN      N2,0.0,0,99991231,1
1970-01-01 00:00:00.020230710,VALE3,VALE,64.5,64.46,64.33,65.19,64.76,36698500,2376940592.0,R$,10,2,   ,ON      NM,0.0,0,99991231,1
1970-01-01 00:00:00.020230710,ABEV3,AMBEVS/A,15.45,15.01,14.93,15.78,15.22,30024500,457210145.0,R$,10,2,   ,ON        ,0.0,0,99991231,1
1970-01-01 00:00:00.020230710,BBDC4,BRADESCO,16.34,16.29,16.18,16.4,16.26,19191400,312237034.0,R$,10,2,   ,PN  EJ  N1,0.0,0,99991231,1
1970-01-01 00:00:00.020230711,PETR4,PETROBRAS,29.53,29.15,29.0,29.53,29.18,40877000,1193111577.0,R$,10,2,   ,PN      N2,0.0,0,99991231,1
1970-01-01 00:00:00.020230711,ABEV3,AMBEVS/A,14.94,14.63,14.58,14.96,14.66,26625300,390359718.0,R$,10,2,   ,ON        ,0.0,0,99991231,1
1970-01-01 00:00:00.020230711,ITUB4,ITAUUNIBANCO,28.81,28.44,28.1,28.86,28.34,28049700,795158891.0,R$,10,2,   ,PN  EJ  N1,0.0,0,99991231,1
1970-01-01 00:00:00.020230711,BBDC4,BRADESCO,16.3,16.3,15.9,16.39,16.18,30173500,488331404.0,R$,10,2,   ,PN  EJ  N1,0.0,0,99991231,1
1970-01-01 00:00:00.020230711,VALE3,VALE,65.08,66.58,64.88,67.01,66.01,35550200,2346813291.0,R$,10,2,   ,ON      NM,0.0,0,99991231,1
1970-01-01 00:00:00.020230712,VALE3,VALE,68.0,67.05,67.0,68.08,67.45,22864300,1542403664.0,R$,10,2,   ,ON      NM,0.0,0,99991231,1
1970-01-01 00:00:00.020230712,PETR4,PETROBRAS,29.2,29.17,29.14,29.77,29.34,40181800,1179042715.0,R$,10,2,   ,PN      N2,0.0,0,99991231,1
1970-01-01 00:00:00.020230712,ITUB4,ITAUUNIBANCO,28.5,28.27,28.2,28.65,28.38,18432600,523185363.0,R$,10,2,   ,PN  EJ  N1,0.0,0,99991231,1
1970-01-01 00:00:00.020230712,BBDC4,BRADESCO,16.37,16.15,16.14,16.44,16.23,18940500,307460931.0,R$,10,2,   ,PN  EJ  N1,0.0,0,99991231,1
1970-01-01 00:00:00.020230712,ABEV3,AMBEVS/A,14.61,14.69,14.58,14.81,14.71,17859500,262828506.0,R$,10,2,   ,ON        ,0.0,0,99991231,1
1970-01-01 00:00:00.020230713,ABEV3,AMBEVS/A,14.66,14.76,14.63,14.89,14.8,13600600,201420010.0,R$,10,2,   ,ON        ,0.0,0,99991231,1
1970-01-01 00:00:00.020230713,BBDC4,BRADESCO,16.22,16.55,16.15,16.7,16.55,34783700,575898472.0,R$,10,2,   ,PN  EJ  N1,0.0,0,99991231,1
1970-01-01 00:00:00.020230713,ITUB4,ITAUUNIBANCO,28.22,28.58,28.16,28.79,28.64,21869200,626387295.0,R$,10,2,   ,PN      N1,0.0,0,99991231,1
1970-01-01 00:00:00.020230713,VALE3,VALE,68.22,68.61,67.92,68.8,68.46,24187200,1656097368.0,R$,10,2,   ,ON      NM,0.0,0,99991231,1
1970-01-01 00:00:00.020230713,PETR4,PETROBRAS,29.07,29.63,29.04,29.72,29.5,35886500,1058763871.0,R$,10,2,   ,PN      N2,0.0,0,99991231,1
1970-01-01 00:00:00.020230714,ITUB4,ITAUUNIBANCO,28.65,28.28,28.16,28.79,28.38,24637900,699344451.0,R$,10,2,   ,PN      N1,0.0,0,99991231,1
1970-01-01 00:00:00.020230714,ABEV3,AMBEVS/A,14.71,14.74,14.56,14.8,14.71,13152500,193598790.0,R$,10,2,   ,ON        ,0.0,0,99991231,1
1970-01-01 00:00:00.020230714,BBDC4,BRADESCO,16.61,16.34,16.28,16.69,16.44,30430600,500422783.0,R$,10,2,   ,PN      N1,0.0,0,99991231,1
1970-01-01 00:00:00.020230714,PETR4,PETROBRAS,29.5,29.05,28.86,29.58,29.11,34451100,1002955456.0,R$,10,2,   ,PN      N2,0.0,0,99991231,1
1970-01-01 00:00:00.020230714,VALE3,VALE,69.19,68.61,68.26,69.29,68.79,20342500,1399492540.0,R$,10,2,   ,ON      NM,0.0,0,99991231,1
1970-01-01 00:00:00.020230717,BBDC4,BRADESCO,16.28,16.6,16.23,16.66,16.53,20090100,332145517.0,R$,10,2,   ,PN      N1,0.0,0,99991231,1
1970-01-01 00:00:00.020230717,ABEV3,AMBEVS/A,14.72,14.82,14.63,14.83,14.73,21044500,310050863.0,R$,10,2,   ,ON        ,0.0,0,99991231,1
1970-01-01 00:00:00.020230717,PETR4,PETROBRAS,28.41,28.99,27.95,29.09,28.54,52160800,1488948036.0,R$,10,2,   ,PN      N2,0.0,0,99991231,1
1970-01-01 00:00:00.020230717,VALE3,VALE,68.33,67.85,67.03,68.33,67.69,15322300,1037167870.0,R$,10,2,   ,ON      NM,0.0,0,99991231,1
1970-01-01 00:00:00.020230717,ITUB4,ITAUUNIBANCO,28.23,28.83,28.16,28.83,28.59,15935400,455677373.0,R$,10,2,   ,PN      N1,0.0,0,99991231,1
1970-01-01 00:00:00.020230718,ABEV3,AMBEVS/A,14.78,14.67,14.62,14.93,14.77,49083400,725162857.0,R$,10,2,   ,ON        ,0.0,0,99991231,1
1970-01-01 00:00:00.020230718,PETR4,PETROBRAS,29.0,28.83,28.71,29.2,28.91,35640400,1030712372.0,R$,10,2,   ,PN      N2,0.0,0,99991231,1
1970-01-01 00:00:00.020230718,BBDC4,BRADESCO,16.66,16.57,16.48,16.76,16.62,22381500,372101241.0,R$,10,2,   ,PN      N1,0.0,0,99991231,1
1970-01-01 00:00:00.020230718,ITUB4,ITAUUNIBANCO,28.83,28.27,28.17,28.94,28.49,39090200,1113760032.0,R$,10,2,   ,PN      N1,0.0,0,99991231,1
1970-01-01 00:00:00.020230718,VALE3,VALE,67.73,67.42,67.28,68.27,67.7,16950600,1147601078.0,R$,10,2,   ,ON      NM,0.0,0,99991231,1
1970-01-01 00:00:00.020230719,ABEV3,AMBEVS/A,14.71,14.63,14.47,14.75,14.59,34813800,508198047.0,R$,10,2,   ,ON        ,0.0,0,99991231,1
1970-01-01 00:00:00.020230719,BBDC4,BRADESCO,16.5,16.51,16.38,16.67,16.5,24524300,404811694.0,R$,10,2,   ,PN      N1,0.0,0,99991231,1
1970-01-01 00:00:00.020230719,VALE3,VALE,67.49,67.24,66.96,67.97,67.29,14512600,976697768.0,R$,10,2,   ,ON      NM,0.0,0,99991231,1
1970-01-01 00:00:00.020230719,PETR4,PETROBRAS,28.81,29.1,28.57,29.13,28.89,46517700,1343942264.0,R$,10,2,   ,PN      N2,0.0,0,99991231,1
1970-01-01 00:00:00.020230719,ITUB4,ITAUUNIBANCO,28.27,27.97,27.89,28.41,28.05,39310700,1102853259.0,R$,10,2,   ,PN      N1,0.0,0,99991231,1
1970-01-01 00:00:00.020230720,ABEV3,AMBEVS/A,14.75,14.92,14.49,14.99,14.8,42121000,623778263.0,R$,10,2,   ,ON        ,0.0,0,99991231,1
1970-01-01 00:00:00.020230720,VALE3,VALE,68.15,67.39,67.35,68.49,67.78,20992700,1423046697.0,R$,10,2,   ,ON      NM,0.0,0,99991231,1
1970-01-01 00:00:00.020230720,ITUB4,ITAUUNIBANCO,28.11,28.49,27.7,28.49,28.16,37782800,1064105181.0,R$,10,2,   ,PN      N1,0.0,0,99991231,1
1970-01-01 00:00:00.020230720,PETR4,PETROBRAS,29.07,29.13,28.88,29.35,29.13,33177100,966612650.0,R$,10,2,   ,PN      N2,0.0,0,99991231,1
1970-01-01 00:00:00.020230720,BBDC4,BRADESCO,16.67,16.52,16.41,16.69,16.49,47691600,786500989.0,R$,10,2,   ,PN      N1,0.0,0,99991231,1
1970-01-01 00:00:00.020230721,BBDC4,BRADESCO,16.49,17.06,16.49,17.07,16.93,43301800,733260117.0,R$,10,2,   ,PN      N1,0.0,0,99991231,1
1970-01-01 00:00:00.020230721,PETR4,PETROBRAS,29.15,29.68,29.13,29.86,29.64,52027700,1542184545.0,R$,10,2,   ,PN      N2,0.0,0,99991231,1
1970-01-01 00:00:00.020230721,VALE3,VALE,67.44,67.8,66.98,68.17,67.63,24811500,1678232494.0,R$,10,2,   ,ON      NM,0.0,0,99991231,1
1970-01-01 00:00:00.020230721,ITUB4,ITAUUNIBANCO,28.5,29.0,28.43,29.0,28.86,31956700,922485070.0,R$,10,2,   ,PN      N1,0.0,0,99991231,1
1970-01-01 00:00:00.020230721,ABEV3,AMBEVS/A,14.88,15.3,14.88,15.47,15.28,44109300,674170383.0,R$,10,2,   ,ON        ,0.0,0,99991231,1
1970-01-01 00:00:00.020230724,BBDC4,BRADESCO,17.06,16.6,16.48,17.16,16.74,62342600,1043653163.0,R$,10,2,   ,PN      N1,0.0,0,99991231,1
1970-01-01 00:00:00.020230724,PETR4,PETROBRAS,29.8,30.3,29.76,30.41,30.2,45268100,1367182721.0,R$,10,2,   ,PN      N2,0.0,0,99991231,1
1970-01-01 00:00:00.020230724,ITUB4,ITAUUNIBANCO,29.0,28.54,28.34,29.25,28.67,32867100,942370177.0,R$,10,2,   ,PN      N1,0.0,0,99991231,1
1970-01-01 00:00:00.020230724,VALE3,VALE,67.7,69.85,67.51,70.32,69.47,30616400,2127016927.0,R$,10,2,   ,ON      NM,0.0,0,99991231,1
1970-01-01 00:00:00.020230724,ABEV3,AMBEVS/A,15.22,15.12,15.01,15.37,15.15,28477500,431611668.0,R$,10,2,   ,ON        ,0.0,0,99991231,1
1970-01-01 00:00:00.020230725,PETR4,PETROBRAS,30.5,31.0,30.2,31.05,30.72,56261000,1728478784.0,R$,10,2,   ,PN      N2,0.0,0,99991231,1
1970-01-01 00:00:00.020230725,ABEV3,AMBEVS/A,15.24,15.03,14.79,15.27,14.95,25287600,378265667.0,R$,10,2,   ,ON        ,0.0,0,99991231,1
1970-01-01 00:00:00.020230725,BBDC4,BRADESCO,16.7,16.54,16.33,16.76,16.51,45514000,751650905.0,R$,10,2,   ,PN      N1,0.0,0,99991231,1
1970-01-01 00:00:00.020230725,VALE3,VALE,71.7,72.01,71.62,72.66,72.26,31556700,2280507056.0,R$,10,2,   ,ON      NM,0.0,0,99991231,1
1970-01-01 00:00:00.020230725,ITUB4,ITAUUNIBANCO,28.95,28.6,28.32,28.95,28.56,34900000,996778668.0,R$,10,2,   ,PN      N1,0.0,0,99991231,1
1970-01-01 00:00:00.020230726,ITUB4,ITAUUNIBANCO,28.59,28.76,28.33,28.8,28.57,33564400,959226196.0,R$,10,2,   ,PN      N1,0.0,0,99991231,1
1970-01-01 00:00:00.020230726,BBDC4,BRADESCO,16.49,16.71,16.38,16.74,16.59,22666000,376117919.0,R$,10,2,   ,PN      N1,0.0,0,99991231,1
1970-01-01 00:00:00.020230726,PETR4,PETROBRAS,30.95,31.0,30.63,31.22,30.87,45880200,1416674464.0,R$,10,2,   ,PN      N2,0.0,0,99991231,1
1970-01-01 00:00:00.020230726,ABEV3,AMBEVS/A,14.97,14.98,14.87,15.05,14.96,22007900,329404762.0,R$,10,2,   ,ON        ,0.0,0,99991231,1
1970-01-01 00:00:00.020230726,VALE3,VALE,71.75,71.76,70.75,72.25,71.56,19066400,1364429012.0,R$,10,2,   ,ON      NM,0.0,0,99991231,1
1970-01-01 00:00:00.020230727,VALE3,VALE,71.2,70.42,70.09,71.24,70.48,28254500,1991454598.0,R$,10,2,   ,ON      NM,0.0,0,99991231,1
1970-01-01 00:00:00.020230727,BBDC4,BRADESCO,16.71,16.33,16.29,16.78,16.42,30083400,494207671.0,R$,10,2,   ,PN      N1,0.0,0,99991231,1
1970-01-01 00:00:00.020230727,ABEV3,AMBEVS/A,14.95,14.7,14.68,15.04,14.78,24140400,356797982.0,R$,10,2,   ,ON        ,0.0,0,99991231,1
1970-01-01 00:00:00.020230727,ITUB4,ITAUUNIBANCO,28.72,28.12,28.09,28.72,28.28,19583700,553859035.0,R$,10,2,   ,PN      N1,0.0,0,99991231,1
1970-01-01 00:00:00.020230727,PETR4,PETROBRAS,30.85,29.39,29.38,30.89,30.01,86471900,2595213087.0,R$,10,2,   ,PN      N2,0.0,0,99991231,1
1970-01-01 00:00:00.020230728,ABEV3,AMBEVS/A,14.75,14.96,14.66,15.0,14.93,15430600,230428751.0,R$,10,2,   ,ON        ,0.0,0,99991231,1
1970-01-01 00:00:00.020230728,BBDC4,BRADESCO,16.36,16.51,16.31,16.63,16.51,25809200,426126074.0,R$,10,2,   ,PN      N1,0.0,0,99991231,1
1970-01-01 00:00:00.020230728,PETR4,PETROBRAS,29.43,29.76,29.32,29.95,29.67,43608600,1294196458.0,R$,10,2,   ,PN      N2,0.0,0,99991231,1
1970-01-01 00:00:00.020230728,ITUB4,ITAUUNIBANCO,28.19,28.54,28.06,28.58,28.39,16279500,462284404.0,R$,10,2,   ,PN      N1,0.0,0,99991231,1
1970-01-01 00:00:00.020230728,VALE3,VALE,70.02,67.63,67.63,70.02,68.43,45938800,3143603160.0,R$,10,2,   ,ON      NM,0.0,0,99991231,1
1970-01-01 00:00:00.020230731,VALE3,VALE,68.0,69.16,67.84,69.68,69.14,26065700,1802359181.0,R$,10,2,   ,ON      NM,0.0,0,99991231,1
1970-01-01 00:00:00.020230731,ABEV3,AMBEVS/A,14.97,14.86,14.77,15.1,14.89,16905900,251798739.0,R$,10,2,   ,ON        ,0.0,0,99991231,1
1970-01-01 00:00:00.020230731,BBDC4,BRADESCO,16.62,16.66,16.53,16.73,16.61,22318100,370920864.0,R$,10,2,   ,PN      N1,0.0,0,99991231,1
1970-01-01 00:00:00.020230731,PETR4,PETROBRAS,30.3,31.11,30.3,31.15,30.84,91290800,2816119531.0,R$,10,2,   ,PN      N2,0.0,0,99991231,1
1970-01-01 00:00:00.020230731,ITUB4,ITAUUNIBANCO,28.79,28.64,28.49,28.88,28.66,15236900,436741208.0,R$,10,2,   ,PN      N1,0.0,0,99991231,1
1970-01-01 00:00:00.020230801,ITUB4,ITAUUNIBANCO,28.33,28.71,28.28,28.73,28.52,14834600,423200705.0,R$,10,2,   ,PN  EJ  N1,0.0,0,99991231,1
1970-01-01 00:00:00.020230801,PETR4,PETROBRAS,31.09,30.6,29.95,31.09,30.48,75752400,2309066787.0,R$,10,2,   ,PN      N2,0.0,0,99991231,1
1970-01-01 00:00:00.020230801,VALE3,VALE,68.77,68.2,67.9,68.81,68.26,30015700,2049091633.0,R$,10,2,   ,ON      NM,0.0,0,99991231,1
1970-01-01 00:00:00.020230801,ABEV3,AMBEVS/A,14.81,14.97,14.66,15.03,14.92,18982200,283247588.0,R$,10,2,   ,ON        ,0.0,0,99991231,1
1970-01-01 00:00:00.020230801,BBDC4,BRADESCO,16.58,16.62,16.42,16.69,16.54,26649900,440867013.0,R$,10,2,   ,PN      N1,0.0,0,99991231,1
1970-01-01 00:00:00.020230802,PETR4,PETROBRAS,30.51,30.53,29.8,30.58,30.2,62068400,1874721647.0,R$,10,2,   ,PN      N2,0.0,0,99991231,1
1970-01-01 00:00:00.020230802,VALE3,VALE,67.74,67.09,66.9,67.76,67.18,29547300,1985211355.0,R$,10,2,   ,ON      NM,0.0,0,99991231,1
1970-01-01 00:00:00.020230802,ITUB4,ITAUUNIBANCO,28.69,28.62,28.31,28.75,28.57,18344300,524129888.0,R$,10,2,   ,PN  EJ  N1,0.0,0,99991231,1
1970-01-01 00:00:00.020230802,ABEV3,AMBEVS/A,14.95,15.05,14.86,15.19,15.07,22855900,344650840.0,R$,10,2,   ,ON        ,0.0,0,99991231,1
